timestamp_utc,side,size,price,midpoint_proxy,effective_half_spread,transactionHash
2024-11-04 19:30:01+00:00,SELL,16.69,0.58,0.5835,0.0035000000000000586,0x92a72484e3f411f82ee1d429747544ac2347dd253d8da7ea39908bfb97260c31
2024-11-04 19:30:01+00:00,SELL,14.62,0.58,0.5835,0.0035000000000000586,0x7c4d78c788657cea3953c82c81b683bea4f2c6f1a2c57ecba0ed257c183b452e
2024-11-04 19:30:03+00:00,SELL,16.89,0.58,0.5835,0.0035000000000000586,0xdc894e589c8b270be98caf92a75db035b583e6c2e8789ce5d518fb94f87d8343
2024-11-04 19:30:03+00:00,SELL,15.44,0.58,0.5835,0.0035000000000000586,0xbca7b5a88bc2752fcc8513035d2a9583ad952103f822bc2928a267f08c234081
2024-11-04 19:30:03+00:00,SELL,15.82,0.58,0.5835,0.0035000000000000586,0x0228c6f6e3aebd44687acb103f708cbb76407911b84b00f2bd85c5f85041caff
2024-11-04 19:30:05+00:00,BUY,14.33,0.581,0.5805,0.0004999999999999449,0x527f6e0d51bd6c61067795f14eb48bcc40b4ef567b3c0d3fdf2d478fef975f12
2024-11-04 19:30:05+00:00,SELL,16.92,0.58,0.5805,0.000500000000000056,0x5d479c9f949abf736983aba71593779ed62e2c7ad6a9c41ca982956036cf6b91
2024-11-04 19:30:09+00:00,BUY,258.175558,0.5809999992,0.5805,0.0004999991999999898,0x04d8a62d9f18a8abb000939716191a8760d8d56e12936e509cc067e19559384d
2024-11-04 19:30:09+00:00,BUY,100.0,0.581,0.5805,0.0004999999999999449,0x518eb2148119b1614ed85848e0fa9f983d66259330ba57f125722db834eac97e
2024-11-04 19:30:09+00:00,SELL,17.19,0.58,0.5805,0.000500000000000056,0xd23791c017a778abec29239df841f9a84a37a29bd8e6e1eb2a6e02e74ff46414
2024-11-04 19:30:09+00:00,BUY,51.497417,0.5809999946,0.5805,0.0004999945999999422,0x6e7e20a64db01e2d65359aea51986463d6457d4ca8d79ee37828ca526cca83fc
2024-11-04 19:30:09+00:00,SELL,15.74,0.58,0.5805,0.000500000000000056,0xfa28fb245cae28d542c230555c3ee3de0b9b7be3ae79d13bda98175ce8f65017
2024-11-04 19:30:09+00:00,SELL,15.43,0.58,0.5805,0.000500000000000056,0xfdce662379ef5ca1c20ef0d857c07125b616a2010d7452565a1f28f5db9a2cef
2024-11-04 19:30:11+00:00,BUY,32.54,0.581,0.5805,0.0004999999999999449,0x5fa30e5db4cebbd9261d112a9330cb554d6f4266d2eee2d5d121885ae6e3fcc5
2024-11-04 19:30:11+00:00,BUY,14.33,0.581,0.5805,0.0004999999999999449,0xfe2c6f4e015a5939608e5f67dfbd2c1f1ebb95d6f75ff22acff845c92ea427d3
2024-11-04 19:30:15+00:00,BUY,17.51,0.581,0.5805,0.0004999999999999449,0x83ea7a742f1d41908c194eaa7869aefea47a8dd30349e0a68c1db19deb911bf8
2024-11-04 19:30:19+00:00,BUY,13.66,0.581,0.5805,0.0004999999999999449,0x2f7ce843b41197a458c06ca79320e1e4102b1efa59299991b5d28717edb913e6
2024-11-04 19:30:19+00:00,BUY,16.07,0.581,0.5805,0.0004999999999999449,0x9a433d9cf82bc85328577573055ed46333f279d0afceac887cfb8fcc668e3485
2024-11-04 19:30:21+00:00,BUY,517.241378,0.5799999995,0.5805,-0.0005000004999999863,0xbc4f70a0aaec16292b2555418f7d9f80daa96d3e05738cff4c7e4e9ddc34277c
2024-11-04 19:30:21+00:00,SELL,91.27,0.578,0.5805,0.0025000000000000577,0x8c0feaa1447f444f02b216c7bc821781d8d594088fdcfc723816a1e5fd48b69b
2024-11-04 19:30:23+00:00,BUY,11.87,0.58,0.5805,-0.000500000000000056,0x37fa988c86747024589feb678cbea18f203a8f671ec4e3929c6f7e691acf576e
2024-11-04 19:30:23+00:00,BUY,50.0,0.58,0.5805,-0.000500000000000056,0x0a59d47439604a934243bd23eca341a03aea4912824f960de03ae722cb55eef1
2024-11-04 19:30:25+00:00,SELL,71.73,0.577,0.5805,0.0035000000000000586,0x3bfca8616cba0d9e5d4ccc6a17893942b0e9237d331fe64fb13b30edcb70c5a0
2024-11-04 19:30:25+00:00,BUY,13.24,0.58,0.5805,-0.000500000000000056,0x926552af61c666e4ab4d678cbd2d64baa5325f8a1b3ba430e69f76683b59aa97
2024-11-04 19:30:25+00:00,BUY,1.965516,0.5799998575,0.5805,-0.0005001424999999671,0x085a715d57f486d44c41925a622beb97f75ae282ccf2352a7866f576724c6c85
2024-11-04 19:30:27+00:00,BUY,172.0,0.58,0.5805,-0.000500000000000056,0x4e232bed8db384373bd8af2759acd4a2ef6a11b18822c490fde771f73862e3d4
2024-11-04 19:30:27+00:00,BUY,15.91,0.58,0.5805,-0.000500000000000056,0xa4624f7e333c978c58661bd7a11b6c511e6148d1cb83691364dc82b4d3b27568
2024-11-04 19:30:29+00:00,SELL,60.71,0.578,0.5805,0.0025000000000000577,0x216529945ce43b122d9909e99fe6a9cd40d032f887b11d30b1fbd528bd616f63
2024-11-04 19:30:31+00:00,SELL,76.53,0.578,0.5805,0.0025000000000000577,0x2091b07a2ab11d5009f189d5ac0ee0e2edb4ea23de567109cd273cb49a2275c6
2024-11-04 19:30:31+00:00,BUY,13.04,0.579,0.5805,-0.0015000000000000568,0x68a4a809fb82376d0159c372297fe936cf390adfffcd9e833b7518ca9664b6a5
2024-11-04 19:30:33+00:00,SELL,2.26,0.578,0.5805,0.0025000000000000577,0x64003e2c46f95f96356295e41ab731193845339095da9ca15ced83d2db1719f3
2024-11-04 19:30:35+00:00,SELL,58.06,0.577,0.5805,0.0035000000000000586,0x055303768a09f3fa62a9ed2cf149085a9818dc42c5b50d07ece356a1111d44a7
2024-11-04 19:30:37+00:00,BUY,25.951556,0.5779999858,0.5805,-0.0025000142000000114,0x1836b4329ae552ba45119d89089975964f5dc4d0e5dcebe8a1c15d97a67d947d
2024-11-04 19:30:37+00:00,BUY,12.91,0.578,0.5805,-0.0025000000000000577,0xb2922d7368646500cc6bf808665d8f7d65ee2e74830365691260b4501dffb555
2024-11-04 19:30:37+00:00,BUY,1.730102,0.5779994474,0.5805,-0.002500552600000039,0xae10ae80f24c75060c3c7789944580e388c3fbe551748fc88b8c39943ed52e29
2024-11-04 19:30:37+00:00,SELL,66.33,0.577,0.5805,0.0035000000000000586,0x91e17d29e0855169ab1735a434968c6e6e55ce5775d736fa53289a695c5bc7fd
2024-11-04 19:30:43+00:00,BUY,13.59,0.578,0.5805,-0.0025000000000000577,0xb5adb1873f74ac06bf6ba29e348447827fd752870b7aa5f537bd419f8d8fb237
2024-11-04 19:30:43+00:00,SELL,19.48,0.577,0.5805,0.0035000000000000586,0xa1abd98d4c8a345a88dbf8860b24dde6d0f0b5ce69d707f9209a6496f7a0fcf7
2024-11-04 19:30:45+00:00,SELL,28.74,0.577,0.5805,0.0035000000000000586,0x53e73225341b7dba4c91b9a29a96e8f2412fd14ebf84b193b6404710234257b6
2024-11-04 19:30:45+00:00,SELL,35.97,0.577,0.5805,0.0035000000000000586,0x838293656b3218286b5140ffcf5b544a0f8189616cd29e888acd186dcabfe559
2024-11-04 19:30:45+00:00,BUY,14.78,0.578,0.5805,-0.0025000000000000577,0xcd12acab9caabbd05315ae45f584a7ba391082166835031e48e2d17cb683092c
2024-11-04 19:30:45+00:00,SELL,25.67,0.577,0.5805,0.0035000000000000586,0x8752570b93c5ecaefe8a78a9e0569b9ded2f78a2a88e03585742e8064d7ff327
2024-11-04 19:30:47+00:00,BUY,617.524541,0.5784385482,0.5805,-0.002061451800000058,0x79fe6bc52bf3f6124c9915e771be5b974f77650d177b421ca7642633066b5b86
2024-11-04 19:30:47+00:00,SELL,78.79,0.5773940855,0.5805,0.0031059144999999733,0xc20cc38207868cce988bdf65f30b9700a9373a7955bbec7300e2150729126efc
2024-11-04 19:30:51+00:00,BUY,14.54,0.578,0.5805,-0.0025000000000000577,0xf317c9d99bd642668470b02e15b298d0f9ce848c77ed4604bed3c959a057a933
2024-11-04 19:30:51+00:00,SELL,838.0,0.579,0.5805,0.0015000000000000568,0xccc719894e5d0d5b75163acbb1eb76d24a2f7241741a82dc7b74747f970837c7
2024-11-04 19:30:51+00:00,SELL,45.4,0.579,0.5805,0.0015000000000000568,0xafaa4802e42371ccb4dd68bf7f8d29f69dfcdb0f98a343c775db7548bb957f2f
2024-11-04 19:30:53+00:00,BUY,13.69,0.579,0.5805,-0.0015000000000000568,0x9058f12b577eed6fadda377b0bc7406096d2d39325459e0f4df4ecb23895f43a
2024-11-04 19:30:55+00:00,SELL,32.54,0.577,0.5805,0.0035000000000000586,0xe72106f827955e47970e8f3e169c34dd1e07c03deb51e0765fdb765394e5af40
2024-11-04 19:30:57+00:00,SELL,11.87,0.577,0.5805,0.0035000000000000586,0x47905965a608bf3a95cc251a1b1e9f4dee969571ec3ac983360e6abc9eb9d624
2024-11-04 19:30:57+00:00,SELL,14.84,0.577,0.5805,0.0035000000000000586,0x7b68ac337bc595e056491ef4c16de11ee253f9954062208058bac30fa2242e46
2024-11-04 19:30:57+00:00,SELL,17.51,0.577,0.5805,0.0035000000000000586,0x3e4d623f4c1e6979521b696944412ca41fd263845c4521b3962be848a704224e
2024-11-04 19:30:57+00:00,SELL,16.07,0.577,0.5805,0.0035000000000000586,0x459939dcd0a525d615232628b954a082286e590c6f4af0fd8e5d79086f357c9f
2024-11-04 19:30:59+00:00,SELL,15.91,0.578,0.5805,0.0025000000000000577,0x2325bf79aad5477e270302354ea75b3a524c894c7a4e30309a5d67fb5c0fa814
2024-11-04 19:30:59+00:00,BUY,97.461138,0.5789999907,0.5805,-0.0015000093000000492,0x8e25a5efae30cc37205f98b14cf1741b1fab2284fc84ab55d2d124cf114c745b
2024-11-04 19:30:59+00:00,SELL,13.04,0.578,0.5805,0.0025000000000000577,0x770681f20c427dacabef9f58abdfb2588136db1a6a486dad8991b9c91c733e25
2024-11-04 19:31:01+00:00,SELL,12.91,0.578,0.5805,0.0025000000000000577,0xd9c915acec6f0967159b589d87d7ec09296e4af870618064fe4725051f0e7bff
2024-11-04 19:31:01+00:00,SELL,15.47,0.578,0.5805,0.0025000000000000577,0x26798b151e60016d5827becd1574279453f86f5ea13caded4745ac7057e597fe
2024-11-04 19:31:01+00:00,SELL,13.59,0.578,0.5805,0.0025000000000000577,0x054b681987ee127d330a6511f0e43b8d75c85ce72435ff4a6beecd2f86e9d67a
2024-11-04 19:31:01+00:00,SELL,14.78,0.578,0.5805,0.0025000000000000577,0xbcc68c75eb45f43058a5192635fb5ebe9797007d556b69d8bb2fd10dbcf9f16e
2024-11-04 19:31:05+00:00,SELL,69.23,0.578,0.5785,0.000500000000000056,0x83b40470706db1daffea4cba3cfc28004b7181446f6f05e8b7b68dbbbe6970d8
2024-11-04 19:31:05+00:00,SELL,16.71,0.578,0.5785,0.000500000000000056,0x341da5b7611332c5eba60c1a13b5f0854a1595d3421e677047483e44a3acb913
2024-11-04 19:31:05+00:00,SELL,20.42,0.578,0.5785,0.000500000000000056,0xe6679f009adb11adcc4a143a8d37d2de08ffed0eefa806419b17de182728d040
2024-11-04 19:31:05+00:00,SELL,14.54,0.578,0.5785,0.000500000000000056,0xaa07e7bc3af1f4c65e270d77867b66e13b14da8d9f6ddd1876bdf9ffc641a745
2024-11-04 19:31:05+00:00,SELL,13.69,0.578,0.5785,0.000500000000000056,0xca8c26e6e65404de514e69f54bffbb862c55bb1458c02904603c99c27b91c32a
2024-11-04 19:31:05+00:00,SELL,16.44,0.578,0.5785,0.000500000000000056,0x604cf92c20217002c489951800ff809b8121134374e8f4ca85488ef37e0775e1
2024-11-04 19:31:05+00:00,SELL,35.74,0.578,0.5785,0.000500000000000056,0x31ab28a69cdfe739a57b86f37390eb400c8099b4f21faf14b62dffd0fed67789
2024-11-04 19:31:05+00:00,SELL,14.61,0.578,0.5785,0.000500000000000056,0xa0d15f0fd3bcb59a522c06e96d590fb40fbbedfea7dd78e6c852dc4ce0c93f1c
2024-11-04 19:31:07+00:00,SELL,14.48,0.578,0.5785,0.000500000000000056,0x9fc800dd41de5fa4da09813f078072e974e6c3be49ca766f11cca8d8c3de2129
2024-11-04 19:31:09+00:00,BUY,13.11,0.579,0.5785,0.0004999999999999449,0xa82096893bbb5efc28b51ecd01e26777f56bbe23fc2a4fc321ddacb8ee581d7e
2024-11-04 19:31:09+00:00,SELL,14.08,0.578,0.5785,0.000500000000000056,0x501e3a65d29b6ce418cfe51fcc0d10db1a472c3e3af0884d797c66c34a1fc4ba
2024-11-04 19:31:11+00:00,BUY,17.52,0.579,0.5785,0.0004999999999999449,0x725e3043a87e326537c37c996d9b3ceb06763cd5ada7f8bf87b56dc8c75ce4a9
2024-11-04 19:31:11+00:00,SELL,13.93,0.578,0.5785,0.000500000000000056,0x95901d0f142d8fdf714725c7d68f4179820ad3dad950b23637d314f945177fd4
2024-11-04 19:31:11+00:00,BUY,15.69,0.579,0.5785,0.0004999999999999449,0x3c97945b6d68e299a91207261127ac841a7106c76da937f784d9dc059c893e79
2024-11-04 19:31:13+00:00,SELL,14.12,0.578,0.5785,0.000500000000000056,0x4c12f573e08147a259016b2f9c40289c2731ef2873a3d54cd4ab71c61aa6ebb3
2024-11-04 19:31:13+00:00,SELL,15.33,0.578,0.5785,0.000500000000000056,0x8eb88d09a22e2b04b4a5e6ba485df129c103cf0af5a50ea8450e471ca9bce962
2024-11-04 19:31:17+00:00,SELL,13.46,0.578,0.5785,0.000500000000000056,0x71b188c66f027052b6bdfd07a2cad30863d80fcbf4b27a57060d43db02b8d47f
2024-11-04 19:31:17+00:00,BUY,13.96,0.579,0.5785,0.0004999999999999449,0xdcf1d71418e6705eb381e1583873f55b50b51c4eb81089de5e97616ab51bead0
2024-11-04 19:31:19+00:00,BUY,13.16,0.579,0.5785,0.0004999999999999449,0x2fee08a7ec5f63a8c7730b11890766c79de2a2ce81374005765fd90944229539
2024-11-04 19:31:19+00:00,SELL,14.32,0.578,0.5785,0.000500000000000056,0x772c693b4bd99e869e39510d852dc820bcb3b0445ae9cd677ac85dca5b321714
2024-11-04 19:31:19+00:00,SELL,15.25,0.578,0.5785,0.000500000000000056,0x077cc7f6f10a8657a95d21015b27c675343efb3094887298465acaa8fb134436
2024-11-04 19:31:21+00:00,SELL,13.74,0.578,0.5785,0.000500000000000056,0x2fcbc42473d2700cdfe515ae177ead9e42246855323944534245449cf345328f
2024-11-04 19:31:21+00:00,SELL,14.33,0.578,0.5785,0.000500000000000056,0x0c9ff7c37b754437185ddac375d5a44022961dded7a862040c229bd45289851d
2024-11-04 19:31:23+00:00,BUY,14.853194,0.5789999781,0.5785,0.0004999781000000203,0x4f44c6050dbee5e8fe5881452bacc1705e81712935468be3c3df3b55c25b6318
2024-11-04 19:31:23+00:00,SELL,14.33,0.578,0.5785,0.000500000000000056,0x2c075d352bbbf0bd44915f506d6923e84d332c6d253ca9369f98e06819285e7c
2024-11-04 19:31:23+00:00,BUY,3369.982727,0.5789999997,0.5785,0.0004999997000000311,0xb417c250516b626c22e4098fa6e3003d9d5295648128fef0ff8d12908b50c9ca
2024-11-04 19:31:23+00:00,BUY,0.414506,0.5789976502,0.5785,0.0004976502000000327,0x65ae4a7373bdb3fb1555bb7f0da25787ff643b6305c0e3595784d1e3c3b6218a
2024-11-04 19:31:23+00:00,BUY,14.01,0.579,0.5785,0.0004999999999999449,0xd49c6bf3f3b8591c034543fe2c9d9970550e8286f5f782fcf246c832e29540f2
2024-11-04 19:31:25+00:00,SELL,13.66,0.578,0.5785,0.000500000000000056,0x0c62425cc0b2ca737379b515592c0d2d7846e72cac723af2cc149854834266dd
2024-11-04 19:31:27+00:00,SELL,97.46,0.578,0.5785,0.000500000000000056,0x9b1ff75f038445892b95db5edc0b0b3dcc0b037ec2359d3fd1fa09810f714eaa
2024-11-04 19:31:27+00:00,SELL,13.24,0.578,0.5785,0.000500000000000056,0x60b458d629bd1e4e40e894261c2a2f71dde8d1b06167db17b44ab5a52f46b813
2024-11-04 19:31:29+00:00,BUY,14.95,0.579,0.5785,0.0004999999999999449,0x433f2e6f2508d12c626e70f095a550c37d7074e8557872c9c84e491278658bc3
2024-11-04 19:31:33+00:00,BUY,16.07,0.579,0.5785,0.0004999999999999449,0xe5e87c1e2cb8d879eeb6fed1aa27509371c296f00a87edc7f41697c59ede82ad
2024-11-04 19:31:33+00:00,BUY,5.0,0.579,0.5785,0.0004999999999999449,0xe9bd3fcfdadbd2d25475711807fbddf0db633c29c51f73a41fca82cdc25d04ed
2024-11-04 19:31:35+00:00,BUY,14.5,0.579,0.5785,0.0004999999999999449,0x463e7ba45873d044313350faf12b60bb57ef710039a71b4777b23999ed4306d6
2024-11-04 19:31:35+00:00,BUY,165.181346,0.578999998,0.5785,0.0004999980000000015,0xe010e00c286ce5d487903db1cce580504c420c0a79bb24c35fd2b2e277d552bd
2024-11-04 19:31:37+00:00,BUY,13.33,0.579,0.5785,0.0004999999999999449,0x1f071f4e980b29bad652ffd86353cb3b90ae6c169b3e76ad0adafa69c23c0c1b
2024-11-04 19:31:39+00:00,SELL,32.15,0.578,0.5785,0.000500000000000056,0xe3e017b7d5fc2330e4cdcc18f2c728b91b3517c74b50962b97a237755c1f2f80
2024-11-04 19:31:41+00:00,BUY,15.85,0.579,0.5785,0.0004999999999999449,0x0755e7e383c6a8ad9e6cb8026e6bbfa96338c40f0f27043262611b5463f358ce
2024-11-04 19:31:41+00:00,BUY,13.45,0.579,0.5785,0.0004999999999999449,0x8cbcba6bc8083ee85f0f3427c9d0c0921f6c7be1224308aa02f33e4c0f9dd785
2024-11-04 19:31:45+00:00,BUY,15.46,0.579,0.5785,0.0004999999999999449,0x0d8d0ddbb7bec2c3547233571a917f73f202e088549663fa8c359eacddbb86de
2024-11-04 19:31:47+00:00,BUY,172.71157,0.5789999998,0.5785,0.0004999998000000394,0x6af04eed2e987345c61c0a68255030ec1e7896283ae65f064e8a3c36ed670b5c
2024-11-04 19:31:51+00:00,BUY,12.99,0.579,0.5785,0.0004999999999999449,0xc82ca6ae53fe8ac6bc7fd7c52c73fbc3394ec2762671c4a0a149a7947c9c433f
2024-11-04 19:31:55+00:00,BUY,15.74,0.579,0.5785,0.0004999999999999449,0xb1ca93199aca15d6a75b908854015f4880cd8df8dc5d4459a800bb28a383ceac
2024-11-04 19:31:55+00:00,BUY,97.012087,0.5789999962,0.5785,0.0004999961999999636,0x7a3dcaddadc9c95de5d8113bcaf81200d7cf93b89a37c4e278fa6ac99fae7675
2024-11-04 19:31:57+00:00,BUY,13.27,0.579,0.5785,0.0004999999999999449,0x5650c97b611bec6cf030b4b0e549adb87bf6fae2ea9400963239c3faaa083bb0
2024-11-04 19:31:59+00:00,BUY,14.96,0.579,0.5785,0.0004999999999999449,0xe3a446f68872b66da5c5e90d10adc0735f4b68f1db078b2a1e3c028470d73d65
2024-11-04 19:31:59+00:00,SELL,517.24,0.578,0.5785,0.000500000000000056,0x92a40caef54a77b6d3502c64be199438941f25094b31353c3ab388d73cee02d4
2024-11-04 19:32:03+00:00,BUY,14.99,0.579,0.5785,0.0004999999999999449,0x66e6d4fc9a2020a909e8fe9ab24ee6a11facc8b239689fe8d7a83d48f225d460
2024-11-04 19:32:03+00:00,BUY,16.98,0.579,0.5785,0.0004999999999999449,0x6663e5e3543293f13af80b7dc2e263e047c74839cec2980d3bb8c985f4fac929
2024-11-04 19:32:03+00:00,BUY,184.835923,0.5790000032,0.5785,0.0005000031999999877,0x13a7d6c873da62a19d0173ffa389896894fd791df3da3f3463bd4ef84a6eaaea
2024-11-04 19:32:05+00:00,BUY,25.906733,0.5789999843,0.5785,0.0004999842999999782,0x8040fbae705bcb5fade2f19d95c1ee378016ec787675f18756a5506c36d86627
2024-11-04 19:32:05+00:00,BUY,126.321242,0.5789999991,0.5785,0.0004999990999999815,0xd566f1cc236706cf93477678c5da1e0f5fecbce55bc35752bbff31129eb30953
2024-11-04 19:32:07+00:00,BUY,46798.54,0.5794624503,0.5785,0.0009624502999999729,0xb4d4c2a3192820f5f589fa234e7626ebc90c98970d9b94fe52e13e7cd4e7b964
2024-11-04 19:32:07+00:00,SELL,100.0,0.58,0.5785,-0.0014999999999999458,0x0c792d19660b13773267b50540d2d73e9f35f6920bc77dbe95abec5dced27891
2024-11-04 19:32:09+00:00,BUY,17.7,0.58,0.5785,0.0014999999999999458,0xae8c5dc40eba5667210ff792abb4a0b6af92a55ba96fc877d7f7086234cd6f13
2024-11-04 19:32:13+00:00,BUY,204.706895,0.5799999995,0.5785,0.0014999995000000155,0x2f4fc0ee46a8b614cafcb2a543b7458b06503cf120a039abe9780d8d6153ea0f
2024-11-04 19:32:13+00:00,BUY,15.84,0.581,0.5785,0.0024999999999999467,0x77d0b66b15e29ed2034efbfc54f35833c3fefe425eb04ecc4f154a1e80ae4b4c
2024-11-04 19:32:15+00:00,SELL,77.2,0.579,0.5785,-0.0004999999999999449,0x1dd3d536d57388ebaaf5b5b09b0d4dc51aa7337204a5a867eac970df5c353329
2024-11-04 19:32:17+00:00,SELL,97.01,0.579,0.5785,-0.0004999999999999449,0xd91ff296a7cc1626fc33931b5ef7da6c6c531ea8ba2ce851b41ce93fb5fed341
2024-11-04 19:32:19+00:00,BUY,13.77,0.581,0.5785,0.0024999999999999467,0xd0fbb2a71133d41bfd9c092a40582999fb0347c4aa372e96ef91662afe1429e6
2024-11-04 19:32:21+00:00,BUY,17.211702,0.5809999499,0.5785,0.0024999499000000203,0x22473c5883278f87777868914066c242f46505222ca8e9ec8f9b8a2f0bf81c77
2024-11-04 19:32:25+00:00,BUY,1.721169,0.5809998902,0.5785,0.0024998901999999656,0xef9a7bab749796dd4b8b97aae69ed0731c2a1d75144563caa572d25d572e80f9
2024-11-04 19:32:25+00:00,BUY,16.3,0.581,0.5785,0.0024999999999999467,0x578839ff4a7dc57d5dda6ba610a63ec690347098a1b7ea42263aef92fa0a4a7d
2024-11-04 19:32:27+00:00,BUY,12.23,0.581,0.5785,0.0024999999999999467,0x49b5213092daa5b8f5ef7687b1e13b41234fab967ea033b1869037433f8a3629
2024-11-04 19:32:31+00:00,BUY,572.994835,0.5809999998,0.5785,0.002499999800000041,0xc0abdb28b76f96c7d2504d477602038b3dfa839bd94f076d543018dfadeb8ed2
2024-11-04 19:32:31+00:00,BUY,697.297761,0.5809999998,0.5785,0.002499999800000041,0x23f92e55f86793dfb4a9a1d6db8ff868173d17168e9d6f28af41108944f1c537
2024-11-04 19:32:31+00:00,BUY,14.35,0.581,0.5785,0.0024999999999999467,0xc4fef8abe0218fa11e2714c3e886e4c72667162733a912e9e2ab9d3a1c148d60
2024-11-04 19:32:37+00:00,BUY,14.84,0.581,0.5785,0.0024999999999999467,0x04230d2ac6136c13e5b7794dc871493bbbc2d83968e5972c2b74d7e23305e8b6
2024-11-04 19:32:39+00:00,SELL,13.11,0.58,0.5785,-0.0014999999999999458,0x6e16facda5bc99c8edf97501d533a9311905b3ee6cccb5bf4899504e9dc6d3f3
2024-11-04 19:32:39+00:00,BUY,13.79,0.581,0.5785,0.0024999999999999467,0xbb641f4d58d8b3323b40aa300df7417d59b7143493a3bf2ff81fac08ae3ee1cb
2024-11-04 19:32:41+00:00,SELL,15.69,0.58,0.5785,-0.0014999999999999458,0x159eee5392b79192adbb30247c1c6f6deaa363041f560b7b876b71d920a9cf55
2024-11-04 19:32:41+00:00,BUY,341.204818,0.5809999992,0.5785,0.0024999991999999915,0xf65234dc1a9cad62644f91f7e93eb2504299058cb76cd241c7d9b1873cb49071
2024-11-04 19:32:41+00:00,SELL,13.96,0.58,0.5785,-0.0014999999999999458,0x27d269c76d4aaf2b78b30f20c3af9d3fe35dcd21ee573e5ca866a8113fbf85bf
2024-11-04 19:32:43+00:00,SELL,13.16,0.58,0.5785,-0.0014999999999999458,0x37e6a9112479ed5afd506e51ff6f03c12de78a465ed0c1ef7742aa7f744ed6ee
2024-11-04 19:32:43+00:00,SELL,14.01,0.58,0.5785,-0.0014999999999999458,0x31f6ccee945a1ef81abea65ba33ae86c2fcd2eae3e3e8efb922215a8a5eaddf4
2024-11-04 19:32:43+00:00,BUY,12.68,0.581,0.5785,0.0024999999999999467,0x1c04f4ba5355c5400cbcdf84b5c98c98c9319fd12e18b1719895e38953e94f0b
2024-11-04 19:32:45+00:00,SELL,14.95,0.58,0.5785,-0.0014999999999999458,0x05c5de88baa9b130103333e852d9cf648e7a9bbd2731dd7ebb8e6ff2bf1e0a34
2024-11-04 19:32:45+00:00,SELL,16.07,0.58,0.5785,-0.0014999999999999458,0x0303d43d8c9072953bd6adcdfa0cd7a23a1c0bcdfe8d07ffe1d8e49ff9bf9340
2024-11-04 19:32:47+00:00,SELL,15.46,0.58,0.5785,-0.0014999999999999458,0x8408498ae46f53cef792b8e84aa4e1ace90a68b2384f3bc23e40f9aedb9d0763
2024-11-04 19:32:47+00:00,SELL,15.85,0.58,0.5785,-0.0014999999999999458,0x6a179b46da74b9137f968ccff9e05b64b2f3fae9059451aac96e6546806eed9e
2024-11-04 19:32:47+00:00,SELL,13.33,0.58,0.5785,-0.0014999999999999458,0xc5ebe9632e182a7ac934cdaa6d8c048c00160e65e8dd6d83d4bf553420cbda6a
2024-11-04 19:32:49+00:00,SELL,15.74,0.58,0.5785,-0.0014999999999999458,0x0425ed6da8f85cfa5a2cb47ca37c142d0a16d2c1687f21acd2eaa157f9f6368a
2024-11-04 19:32:49+00:00,SELL,14.96,0.58,0.5785,-0.0014999999999999458,0xc664ba38eeb5881898f848fc492e3b78802f4fd983594c931a138d09f60e8c94
2024-11-04 19:32:51+00:00,SELL,16.98,0.58,0.5785,-0.0014999999999999458,0xd6f230deba41ea53be25bde4a3981e5d3c2195b2da431bfd1e88d81c0ec25e76
2024-11-04 19:32:51+00:00,BUY,12.67,0.581,0.5785,0.0024999999999999467,0x1eeae5b04748312ba84e04e24ca53976d8ccc175d8a1b93f46a899a46f609e3d
2024-11-04 19:32:51+00:00,SELL,17.7,0.58,0.5785,-0.0014999999999999458,0x3376cb7126105274dff670d8c8add7711b98318e79b63b4572f026d5eb691711
2024-11-04 19:32:51+00:00,SELL,15.84,0.58,0.5785,-0.0014999999999999458,0xea4ba67107f225f6d9a3584bf335d49177a959622611b29f59f9ff2476dfa811
2024-11-04 19:32:53+00:00,SELL,13.77,0.58,0.5785,-0.0014999999999999458,0x4c2abf0dd517a752e4ea262305bc7ac60ec4d44bbc03a96bbfea3cb7f46af0f2
2024-11-04 19:32:53+00:00,SELL,16.3,0.58,0.5785,-0.0014999999999999458,0xf6539c4382a2491ecf4d27c7a1edbc49ade65f348a6b5acd635bf2ba8d9052d9
2024-11-04 19:32:53+00:00,BUY,53.459551,0.5809999975,0.5785,0.002499997499999962,0x7489b3abcffad5c26d19362aa08949df55f15fb1782c74f6f500b947cdd08087
2024-11-04 19:32:55+00:00,SELL,14.35,0.58,0.5785,-0.0014999999999999458,0xd616ce7defcf34577d3caaeca4d9b409d0b6a4112d1ff52abe37e017e9dd2c9c
2024-11-04 19:32:55+00:00,BUY,13.32,0.581,0.5785,0.0024999999999999467,0xa77e66a9a53a0d23c3a1d851d0c198149d4b4464d8aa8f57ac1a9b6a8935975c
2024-11-04 19:32:55+00:00,SELL,12.23,0.58,0.5785,-0.0014999999999999458,0x46fd10b6c37ab0ba958c6cbd306a78e55166d23073ce296bb67e9e84108c6ffa
2024-11-04 19:32:55+00:00,BUY,735.249568,0.581,0.5785,0.0024999999999999467,0xf48def8637e04b8a69bd7c743407efe7167ef63c2ea77d8ed475801ac3779885
2024-11-04 19:32:59+00:00,SELL,14.84,0.58,0.5785,-0.0014999999999999458,0xec4f4d694ff99fe7ffb438f15bfd6f1b8e39572584ae4f305ed59a32febda6ba
2024-11-04 19:33:01+00:00,BUY,91.721169,0.5809999979,0.5785,0.002499997899999995,0xa1ebd1cb2cc0ff522f2dee02449fa224e03012ae1845a98d4bf896f9eabc42b0
2024-11-04 19:33:01+00:00,BUY,16.75,0.581,0.5785,0.0024999999999999467,0xb1a30b554f41759d1ba8f1c500639fadc32f564e1cf8509b43339dfd5e5d558a
2024-11-04 19:33:01+00:00,BUY,14.27,0.581,0.5785,0.0024999999999999467,0x2b096537c1a55af321752aa1c3c44fcf0468233ea460d5a67260dff6b8c45032
2024-11-04 19:33:05+00:00,BUY,1300.0,0.5815489692,0.5815,4.896919999997085e-05,0x38e6dd50a9eff398de1dfefd78c6ede85ad00fc7556ed9ff915c6eeca05edf52
2024-11-04 19:33:05+00:00,BUY,14.78,0.582,0.5815,0.0004999999999999449,0x349d055f281d07d3065581b2fc064a9bea2fdcfe7b345aef864e04576bfc185a
2024-11-04 19:33:07+00:00,BUY,13.41,0.582,0.5815,0.0004999999999999449,0x3f38b22a547f45aef801e660253ff0a365526aa105c66c8ca7c011b91dbdf459
2024-11-04 19:33:09+00:00,BUY,14.29,0.582,0.5815,0.0004999999999999449,0x371c2f747cd5c65e235cd5f5b22f8b11e72cad4fac1f1e1b2523ec8187fbda2a
2024-11-04 19:33:11+00:00,SELL,572.99,0.58,0.5815,0.0015000000000000568,0x058df069a1dd203695fa15869e60f5bff0f097717c9639389e20e774b8625f94
2024-11-04 19:33:11+00:00,BUY,1.686745,0.580999499,0.5815,-0.0005005009999999865,0xbee5c37a092d9b0f642d73fe96cafd013974bd5a49d44a5bda8d1ee83cfbae9e
2024-11-04 19:33:11+00:00,SELL,403.09,0.581,0.5815,0.000500000000000056,0x165f70b5ba825cefaea0ed61a2226765a7fb0719033e93b9b75e19dc73b8102b
2024-11-04 19:33:13+00:00,BUY,14.44,0.581,0.5815,-0.000500000000000056,0xa4330065a6a41abd90c3d967bda321891dc2a239e9b5549d39831aebce92e996
2024-11-04 19:33:13+00:00,BUY,14.56,0.581,0.5815,-0.000500000000000056,0x5c8e6b75925146b74a30ccefbcca13eff9dd71f593871fe4e54e0d2b4849efd4
2024-11-04 19:33:15+00:00,BUY,1789.397589,0.5809999999,0.5815,-0.0005000001000000642,0x06363f59c01ec29d99b0e74e54580a11cdcfdebc8fbc47671432fd4ea5d1b43c
2024-11-04 19:33:17+00:00,BUY,12.45,0.581,0.5815,-0.000500000000000056,0x88afb8748dfd52cdd89ccea04177dd60a702e8787d8a390297866f37ffb2eb9b
2024-11-04 19:33:17+00:00,BUY,14.43,0.581,0.5815,-0.000500000000000056,0x7f74654e71f4c2ad26ba6bef8d9b48ecebe05aea1271e10d384ad7e8531dbb3c
2024-11-04 19:33:21+00:00,BUY,13.64,0.581,0.5815,-0.000500000000000056,0xf0fbf0cbcd054fc4a58d0d2c441e775afb007b98c844f97c40a1fec5f9639ff8
2024-11-04 19:33:23+00:00,BUY,15.05,0.581,0.5815,-0.000500000000000056,0x87959c4dc7293537bd3482e4e3465dfe88a7eabb8b843021720a42977e01be2f
2024-11-04 19:33:23+00:00,SELL,91.72,0.58,0.5815,0.0015000000000000568,0xe142e28853e4fb214c83c937cd3d44849a7e28f65413d5e21f9b1b935bc5cf96
2024-11-04 19:33:25+00:00,BUY,16.41,0.581,0.5815,-0.000500000000000056,0x1441ac0baed6d1299db721aeb714714753871eabf41e01628eebf11b0a7d6ec6
2024-11-04 19:33:27+00:00,BUY,14.34,0.581,0.5815,-0.000500000000000056,0x6e88de088cc57e8295fa25008d05c33dcc6f5cf02856755470b634f59e5c38e5
2024-11-04 19:33:29+00:00,BUY,13.11,0.581,0.5815,-0.000500000000000056,0x4c09e3337722e0bbecb0443bb7a804f264449e9bb1d4575c08c1dd763072143c
2024-11-04 19:33:33+00:00,BUY,11.79,0.581,0.5815,-0.000500000000000056,0xa429ed90357894d5bb7ff8b2bbc3848de1ca2dac841d6ae66098bc2885f2b151
2024-11-04 19:33:35+00:00,BUY,2.392425,0.5809996134,0.5815,-0.000500386600000069,0x26eae04b0146026461796e0f95afa44783087f68a05d759a2a43eb7865524764
2024-11-04 19:33:35+00:00,BUY,16.3,0.581,0.5815,-0.000500000000000056,0xfbd3d7a75c24b7e7a53679b2a63e581375f45293137ed085d77c449e93228e5e
2024-11-04 19:33:35+00:00,BUY,14.53,0.581,0.5815,-0.000500000000000056,0x41230ec8b3e00f2269ac329c0ed863ecac497408696cdca36976b03880ddce34
2024-11-04 19:33:39+00:00,BUY,15.7,0.581,0.5815,-0.000500000000000056,0xabdb977b6b1e15be34d9f8c4685c2b9261d1daa4da0a8d73383f28adc24e1a48
2024-11-04 19:33:41+00:00,BUY,14.01,0.581,0.5815,-0.000500000000000056,0x59f7f9cae93cb7323678de22ac868b4ee89180c16977331a46a0fea0d4406159
2024-11-04 19:33:43+00:00,BUY,16.53,0.581,0.5815,-0.000500000000000056,0xb5c7f7184fdda4fb67dc090f83611ad8a43180da2570527ba3502de6bbd3fe08
2024-11-04 19:33:47+00:00,BUY,2.564542,0.5809996483,0.5815,-0.0005003517000000679,0x9ab560a7c5efe05909f583c6dd43737b7d924d079de30bbb8079dfe98f213e2f
2024-11-04 19:33:47+00:00,BUY,13.77,0.581,0.5815,-0.000500000000000056,0x1b46d4ede14b6ab6fcd559943534aa34230f24acb4afc1d70bbe12284aa2e3eb
2024-11-04 19:33:53+00:00,BUY,8.829603,0.5809999612,0.5815,-0.0005000388000000466,0x9fc41971031700ec715b5ad0b278c6f4f8bb4d4f4b8abb59d3bfd7a9a8980e6b
2024-11-04 19:33:53+00:00,BUY,15.88,0.581,0.5815,-0.000500000000000056,0xc0a9a8408a1868d688ab8931cc659031a88c30b7c4c6bc7ee87c59f9a3738132
2024-11-04 19:33:53+00:00,BUY,1176.67814,0.5809999997,0.5815,-0.0005000002999999698,0x46b780184fe5c81449df44a778e2572557bc4a8be5b4dfd41cabe650342a2988
2024-11-04 19:33:57+00:00,BUY,15.21,0.58,0.5815,-0.0015000000000000568,0x13ba1910d417fd2468507275e79cd1ac54a8907ff54cf5b367d55abea012a240
2024-11-04 19:33:57+00:00,SELL,1346.51,0.58,0.5815,0.0015000000000000568,0x9725006277caf5f4f345bf568f29750debbe5207cf6d4258832a405895091c0d
2024-11-04 19:34:01+00:00,BUY,30.965516,0.579999991,0.5815,-0.0015000090000000244,0x087dd1bc46bed4b010997a210ddc80e3dfcd5af5bacc354bb675564a3ec75d21
2024-11-04 19:34:01+00:00,BUY,12.76,0.58,0.5815,-0.0015000000000000568,0x04aadc3ae7c9c142fed7b516f6c1501c6bb12134cc6f6ff289b032953ff442ca
2024-11-04 19:34:05+00:00,BUY,97.172412,0.5799999901,0.5795,0.000499990100000014,0xa41f58cee9feabcc536adf0225f23cf55cb1b029bafe1ce7ac145da5cdd207c2
2024-11-04 19:34:05+00:00,BUY,86.206895,0.5799999988,0.5795,0.0004999987999999567,0x8af8e049b85167f299cd8c059c0e8028071317376fc8db193dcdc7a36c5c818b
2024-11-04 19:34:05+00:00,BUY,15.54,0.58,0.5795,0.0004999999999999449,0x39aa336f6f0af9f8500783b72ad5be922308b74bb090133ce411403b87cb7111
2024-11-04 19:34:05+00:00,BUY,28.1,0.58,0.5795,0.0004999999999999449,0xbeb6a8d11fd94dd915803aaceec08965987ccb4cb04fb5422d03b1db4507201f
2024-11-04 19:34:05+00:00,BUY,6.0,0.58,0.5795,0.0004999999999999449,0x3b5d36c7e9fe5375539d775a4bcf59fdc6a200047834fb34b68a6d4643f6265d
2024-11-04 19:34:09+00:00,SELL,35.32,0.579,0.5795,0.000500000000000056,0x6307b9f39a6f01305629834200aadcffcf8b87c0563cd436fe636788b6c1adfa
2024-11-04 19:34:09+00:00,BUY,14.27,0.58,0.5795,0.0004999999999999449,0x6fcdb8f398b722cfeb8f7a45fdd6b3966822423d51f38b5ec7872d457e8f07d8
2024-11-04 19:34:13+00:00,BUY,15.98,0.58,0.5795,0.0004999999999999449,0x4e264fe60187459b044b85ce2de5a1e4e83b349fbaa8c44f2f025d9225eeef33
2024-11-04 19:34:13+00:00,BUY,228.379309,0.579999999,0.5795,0.0004999989999999732,0x06b4fdf895c08efc7dabd503bcc95385f3a2872800f7deb5a401efe6292a401f
2024-11-04 19:34:17+00:00,BUY,11.98,0.58,0.5795,0.0004999999999999449,0x5dc2bf53e36a6f6400fa4ba07549c8edb5538e45bca1ec34b4ad82c990e2a5e3
2024-11-04 19:34:21+00:00,SELL,14.29,0.579,0.5795,0.000500000000000056,0xcd8667b4f420b25302641e822935b1dd41ebf0787019d20c31bcb782454b6d7d
2024-11-04 19:34:21+00:00,SELL,14.78,0.579,0.5795,0.000500000000000056,0x5be8a27b47d36f3b3d91d27fe446c249f6933f9ee0d7e1b49f7dacd4c29537ee
2024-11-04 19:34:21+00:00,SELL,16.75,0.579,0.5795,0.000500000000000056,0x2cc05a554db6a9217b977d99c3a1dc199fd3bbb3b08c058ddc530a6fd62f13d7
2024-11-04 19:34:21+00:00,SELL,28.1,0.579,0.5795,0.000500000000000056,0x02c811b2618c569f0a283be5ae0bf8ca3f9733a60ea0ee838150a056672f5929
2024-11-04 19:34:23+00:00,SELL,14.44,0.579,0.5795,0.000500000000000056,0xa23da7ce1bcffd6f4e5a1ef2ec8c97c75b007245b7571c9dcaad54ae3d192b69
2024-11-04 19:34:23+00:00,SELL,12.45,0.579,0.5795,0.000500000000000056,0x1974e64d6fd66f9d21791bccd9af0d7ae02ed3a1632f8b386dd17bb0b9a9cb49
2024-11-04 19:34:23+00:00,BUY,438.603447,0.5799999994,0.5795,0.0004999994000000063,0xb19f364101ffe7ca50f491e67a78d081b68d4fa3784780971fe249d895ed203d
2024-11-04 19:34:23+00:00,SELL,13.64,0.579,0.5795,0.000500000000000056,0x4762a7d40632e4f3080c59634936be4b9c87e19f759f53e1561fb8f811177a7a
2024-11-04 19:34:23+00:00,SELL,76.22,0.579,0.5795,0.000500000000000056,0xd02e749b3821bce1afb918cc3f23efe87e6f4fc4f2650f813bf8c7795cb0a4cf
2024-11-04 19:34:23+00:00,SELL,16.41,0.579,0.5795,0.000500000000000056,0xbeaceed82acecb115c17fcbc5dcb1da40ff938b42138d02481301cf45576592e
2024-11-04 19:34:25+00:00,SELL,97.17,0.579,0.5795,0.000500000000000056,0x8d16cb2908c7188c7dcdc069bbf75c016ae56a2e0895dd5c0680da03dbf863d6
2024-11-04 19:34:25+00:00,SELL,13.11,0.579,0.5795,0.000500000000000056,0x131898658779f166f728a5c0fd42780dadaad6c048882d968a5026c5dbe7eabd
2024-11-04 19:34:25+00:00,SELL,11.79,0.579,0.5795,0.000500000000000056,0xb8c83978b58809233edd675853e69e4539125f2afbe9dade10223817d942a194
2024-11-04 19:34:27+00:00,SELL,16.3,0.579,0.5795,0.000500000000000056,0xd7a675b9a738fc3652ee9926c3ccb7c9083df664a473ff7d57e74f6aefa0a389
2024-11-04 19:34:27+00:00,SELL,14.01,0.579,0.5795,0.000500000000000056,0x59b829f71a11144bc062504c9d99ba0af87868a867e266398a6c431cc1e84bb5
2024-11-04 19:34:29+00:00,SELL,15.88,0.579,0.5795,0.000500000000000056,0xf629ffa5303e443d02a50f23843908430c39fa55568a31c4d0d2577bbe7b957d
2024-11-04 19:34:29+00:00,SELL,16.53,0.579,0.5795,0.000500000000000056,0xc4e7aa97e6ebcf44c2c09f3ef295c3bd638c1b229094c3bd2d6ac8fb342ca957
2024-11-04 19:34:29+00:00,SELL,13.77,0.579,0.5795,0.000500000000000056,0x41585611b25825d53704e13bb7d9c300dd596f02e9e2087136979885b8fdff0e
2024-11-04 19:34:31+00:00,SELL,12.76,0.579,0.5795,0.000500000000000056,0xb475871f6572fa08d282d6ec27a41476f2fb6484152f5fa59fa08ff520f35807
2024-11-04 19:34:31+00:00,SELL,15.21,0.579,0.5795,0.000500000000000056,0x46c4fa53815d08cb7cba6ca10171b2585e7d85c1520a3b30b2ec5d48f6f92708
2024-11-04 19:34:33+00:00,BUY,800.379309,0.5799999997,0.5795,0.0004999997000000311,0x4b76500963469bf2b680d5483a84c9e07c81662917add2b3c8639dd04c68240e
2024-11-04 19:34:33+00:00,SELL,14.27,0.579,0.5795,0.000500000000000056,0x55e186c055f5a4c40f8a2e5b3b41e92ace79f45adae911b28bb54c17ee259554
2024-11-04 19:34:33+00:00,SELL,15.54,0.579,0.5795,0.000500000000000056,0x2d96e290b9bb3df7d389b0a5675a13dc0db857e3381f4e9ece05c2ca2aa36f93
2024-11-04 19:34:35+00:00,SELL,15.98,0.579,0.5795,0.000500000000000056,0x8ece00073a0da3a8c9e9806f4c3fe80bbf6ff2d2ad7eba560941e669d404f57a
2024-11-04 19:34:35+00:00,SELL,11.98,0.579,0.5795,0.000500000000000056,0x426b67133cc168af5ed982d1bae92038ba35fdee46db97c1eb8de5108660e1eb
2024-11-04 19:34:39+00:00,BUY,16.12,0.58,0.5795,0.0004999999999999449,0x93075123eb2bbe1bfc49ed5b3a150dde5dc3299449e1605765f407dc802d32aa
2024-11-04 19:34:41+00:00,BUY,72.568964,0.5799999983,0.5795,0.0004999983000000263,0x71832d4e92bf14bb1cfe05f98988c972e345e8be1fec1086f221739371978766
2024-11-04 19:34:43+00:00,BUY,12.87,0.58,0.5795,0.0004999999999999449,0xcde43262faee34229a9d3ebdad31e46e931225b0596193b61063d59d3344801d
2024-11-04 19:34:47+00:00,BUY,15.58,0.58,0.5795,0.0004999999999999449,0x7845ae558da9de139e1db00b119265dca06ecc0c2bfd39a5307ab1a89b64bdfc
2024-11-04 19:34:51+00:00,BUY,15.14,0.581,0.5795,0.0014999999999999458,0x2a71e8b1e8c3a2df7d913eca53e8449e742ddee4feab2cd8439495ac2b0ab5b5
2024-11-04 19:34:51+00:00,BUY,5786.018191,0.5806307355,0.5795,0.0011307354999999797,0x27bff23fa413e46ebf533796c4ca8a7ba277c8745ba42d0b3085a00f93f9b96a
2024-11-04 19:34:55+00:00,BUY,16.27,0.581,0.5795,0.0014999999999999458,0x69432bbf1a202fa47f6d819e6733e5b5d85921d77fc6e15acad2e6f06472f4db
2024-11-04 19:34:57+00:00,BUY,16.53,0.581,0.5795,0.0014999999999999458,0x081dd811ab9a1df2ce9b6cd56896948b48ca565b4bf904c6ce65435570c16ded
2024-11-04 19:35:03+00:00,BUY,13.87,0.581,0.58,0.0010000000000000009,0x46b5c17ef14c94da900f2ee0f69069db14f04a2c664ddb9a20a6dbeea3fffe90
2024-11-04 19:35:03+00:00,BUY,626.454387,0.5809999986,0.58,0.000999998599999996,0xf35d369aa90a479b9df81adb3c6ead7913078fde578c269e783f73b88434b1f0
2024-11-04 19:35:05+00:00,BUY,92.065403,0.5809999984,0.58,0.0009999984000000905,0x3094887ccb67cd3a37337db3a498b031df025ce5e152a3c854dba35157841d10
2024-11-04 19:35:07+00:00,BUY,14.49,0.581,0.58,0.0010000000000000009,0x6b919ec4cff740326f50a7c841169f7c32b19b6c2a77430a5dec8ba6cb18adfa
2024-11-04 19:35:09+00:00,BUY,2.564541,0.5809998748,0.58,0.0009998748000000779,0x1c80e3f99362ed23f3950fd16cfaa87599ac926ac07453e48ff3e0ede64fbda4
2024-11-04 19:35:09+00:00,BUY,4905.559379,0.581,0.58,0.0010000000000000009,0x409df9a5d7ed0755acdfafcf71bdc59d693e83ec2d38c2878bb9ce66cd71485b
2024-11-04 19:35:09+00:00,BUY,187.624782,0.5809999982,0.58,0.000999998200000074,0x49de8b5d438bd6e04d5aaa9cab45cc12a3849c6e5d763d9c7828d6a605be1657
2024-11-04 19:35:09+00:00,BUY,91.755591,0.580999996,0.58,0.000999996000000003,0xd86e5fc78a7b74d69115b03ef3363688c821b2069c9258e7bd4ef81a47dc371c
2024-11-04 19:35:11+00:00,BUY,14.08,0.581,0.58,0.0010000000000000009,0x57214f0ef5d9a61d0f3677ec509e879171858ec88aac15920fc1dbd72e59ba21
2024-11-04 19:35:15+00:00,BUY,15.82,0.581,0.58,0.0010000000000000009,0x0576fc07b8a1199fde1b96d086862e06f9a4e61f56d84f387d6ec2e7fca0aae9
2024-11-04 19:35:15+00:00,SELL,70.28,0.58,0.58,-0.0,0xbfe0e2b6fef5d132f2553cc9ba9c54eb9570e5585238e97d32fab7b0f9624baa
2024-11-04 19:35:17+00:00,BUY,14.28,0.581,0.58,0.0010000000000000009,0xef0e27c688a9349b0f4e6185a9addf94ebd202632b182b9509c47c5d3af526f3
2024-11-04 19:35:17+00:00,SELL,82.93,0.58,0.58,-0.0,0xa578feda61bbd5d5386cd472de20b16505cdcec140a9f6281692688cad368809
2024-11-04 19:35:17+00:00,SELL,68.62,0.58,0.58,-0.0,0x74adf9dd3d054407d6484e8a1f5a1f92a559d24744eec845a6c0b733af931293
2024-11-04 19:35:19+00:00,SELL,69.12,0.58,0.58,-0.0,0x74b55f35637353e823f6cc099ddc8500d0411f2134db814a1769c1bcc9c7a1e7
2024-11-04 19:35:19+00:00,SELL,82.06,0.58,0.58,-0.0,0x06014ec3afe462eff04ddb066c43cabb98dbaf5648dcb6f78e54d10bfdb5b0af
2024-11-04 19:35:21+00:00,SELL,72.06,0.58,0.58,-0.0,0x2b16e9125b58088a125184a743f7ce3a69389938d8216f8c066cfa5c0c44d7ad
2024-11-04 19:35:23+00:00,BUY,12.41,0.581,0.58,0.0010000000000000009,0xa56b8dbc73b50ae77ee07bd388acf102201705003d7dc29bd1aa149bfa833ee3
2024-11-04 19:35:23+00:00,BUY,1721.170394,0.5809999995,0.58,0.0009999995000000705,0x9942f985540dcba52dd32a385b7ed5a9e625a073da815429d54912e0902cc953
2024-11-04 19:35:29+00:00,BUY,15.84,0.581,0.58,0.0010000000000000009,0xd836bafd8426b0956c5a27d995f9b78066e4896e3294d3afab695db5725831cf
2024-11-04 19:35:31+00:00,BUY,16.32,0.581,0.58,0.0010000000000000009,0xe1becd7bf35a45a01fd703a69a85438dbf53e6e393aefaf94a6f86eb7b4ba7fe
2024-11-04 19:35:33+00:00,BUY,14.21,0.581,0.58,0.0010000000000000009,0x20549e4028e1394e8bae705a260af9574fb5879c9e59d4dc334315937a504e77
2024-11-04 19:35:37+00:00,BUY,16.28,0.581,0.58,0.0010000000000000009,0x7c7427877f45afdea07553438455780ff5a848759b024f5a61eee1ccef83f944
2024-11-04 19:35:39+00:00,SELL,92.06,0.58,0.58,-0.0,0x21198b872e0379c5b21575321604c9b26ad5f9ac5d6b4c461f6faf39b9cb79bd
2024-11-04 19:35:41+00:00,BUY,11.88,0.581,0.58,0.0010000000000000009,0xb4723fb630d027e62102bd6a0ae81cb39e6bfd34255e1bdc6040da5f116fb2d9
2024-11-04 19:35:45+00:00,BUY,11.93,0.581,0.58,0.0010000000000000009,0x5ac31fb4cef366de3f19c9ee1f5ff743e118e058f9ca2a65ef02ddb69ce08c6f
2024-11-04 19:35:49+00:00,BUY,14.2,0.581,0.58,0.0010000000000000009,0x6640b5633be46d2b66e21c17e05f1c949fd2bd332bad63fc82260f8dc7f38e9d
2024-11-04 19:35:49+00:00,BUY,571.996556,0.5809999999,0.58,0.0009999998999999926,0xf72de2e2004f7251842265074187714a2e4b08326efcf56c63bd269bb4529ac8
2024-11-04 19:35:51+00:00,BUY,13.05,0.581,0.58,0.0010000000000000009,0x7060902718f857819523dece4e5d9a2f4954527d759175877a38151f0c3a0ee4
2024-11-04 19:35:53+00:00,SELL,5075.0,0.579891267,0.58,0.00010873299999991648,0xdc6919f5d816d1271898e0c51a02c514d5ff4668e0fad468cecada405ebee9b6
2024-11-04 19:35:55+00:00,SELL,16.12,0.579,0.58,0.0010000000000000009,0x9c3cf5849aa05600586cc854cba722d6e653672613f7e18daf7e71547e735754
2024-11-04 19:35:57+00:00,SELL,12.87,0.579,0.58,0.0010000000000000009,0xe4629b4dd7a41abab50c033f72547b5127ec750d1e7ee9c7acca8a66e1bc2bd9
2024-11-04 19:35:57+00:00,SELL,15.58,0.58,0.58,-0.0,0x72fd269ac87ef92394b6ce5c53fc0963451ff49b907d96956c24851e427affdf
2024-11-04 19:36:01+00:00,SELL,15.7,0.579,0.58,0.0010000000000000009,0xc0110aac400109b009d3bd3f8a97fc52794342286298cfbcbafddc878301cba4
2024-11-04 19:36:01+00:00,SELL,14.53,0.579,0.58,0.0010000000000000009,0x385d80fccf400db869122f69a24448697086ce2ab1694e93f1c7c9c09322ff60
2024-11-04 19:36:01+00:00,SELL,14.49,0.579,0.58,0.0010000000000000009,0xd1c0a06214d15e6287632dae125987104b637ae9caf4e4ac7b115c880e1662b8
2024-11-04 19:36:01+00:00,SELL,14.34,0.5799783821,0.58,2.161789999999275e-05,0x0a4ca7e01918d3df2d1aee4b9091b62fbf84a99669b0335b52f03f4ccf8a1f6d
2024-11-04 19:36:01+00:00,SELL,16.53,0.579,0.58,0.0010000000000000009,0xd891f266eab2553ff64f5d34e82b1bfc69b56f7747d258ff428bf240e44002d4
2024-11-04 19:36:01+00:00,SELL,15.14,0.58,0.58,-0.0,0x6e3908fd7e7e9d03b52e0bf7c5a7f413d4f498da02da3601320ce438c2dc7034
2024-11-04 19:36:01+00:00,SELL,13.87,0.579,0.58,0.0010000000000000009,0x9a51cbf8490b2c43e7ed31f2ec3c92f82bf860a3102964e482ab29849df6cefd
2024-11-04 19:36:01+00:00,SELL,16.27,0.58,0.58,-0.0,0x047f5fa1609f5418b5abe34817157a93d805ef9c3bf691e1c27392f5d1c60ca9
2024-11-04 19:36:05+00:00,SELL,14.08,0.579,0.58,0.0010000000000000009,0xd997695c44f94bba79b67345277d1cb2afed0a38c2fc3b8a44718c57e6a354d7
2024-11-04 19:36:05+00:00,SELL,15.82,0.579,0.58,0.0010000000000000009,0x0d8e357bba10c1d64ae198907e750df9807fa016f80769212e36acee1f93bbec
2024-11-04 19:36:07+00:00,SELL,15.84,0.579,0.58,0.0010000000000000009,0xdb25419c7ce19cbba95089bdda6089395fc391ea7eca9a8968240f23a265858b
2024-11-04 19:36:07+00:00,SELL,16.32,0.579,0.58,0.0010000000000000009,0x3d249f248de12d99a37997008d14dd4da485b49d0de11acc360fb1b0ccf0684d
2024-11-04 19:36:07+00:00,SELL,14.28,0.579,0.58,0.0010000000000000009,0xb5649b5a545dad01a9533edd1d9aea49a693575c7a8a3058c1e15e58e0204364
2024-11-04 19:36:07+00:00,SELL,12.41,0.579,0.58,0.0010000000000000009,0x5ca980079a67310c6a13523ff1660414eab852378823d60d036788db23687925
2024-11-04 19:36:09+00:00,SELL,14.21,0.579,0.58,0.0010000000000000009,0x558933cd22718f29c119ac5a0cc1f3caf0550064995d67c609c83ad694167bf5
2024-11-04 19:36:09+00:00,SELL,27.42,0.579,0.58,0.0010000000000000009,0x88737ed80203584c592cb762e18592df0c2125624e98c2fa52d3e2252f3dc695
2024-11-04 19:36:09+00:00,SELL,16.28,0.579,0.58,0.0010000000000000009,0xebddcc63786a93bd7e4269bf9ce554409fdced3137bd9468772fb7becf023a1e
2024-11-04 19:36:09+00:00,BUY,15.47,0.581,0.58,0.0010000000000000009,0xfdb27591266baf4713b2cddd4d9a490677e6818a640bea7ee51ffd6de2fb1122
2024-11-04 19:36:09+00:00,SELL,28.73,0.579,0.58,0.0010000000000000009,0x99ad295711952e750fafe062f0f3e7b203ae7b696721759f7780ef03c9876384
2024-11-04 19:36:11+00:00,SELL,38.83,0.579,0.58,0.0010000000000000009,0xf375bf3cc32908038db01ca5b38d983bb700b50f0b5077f8db8679cbe44a4c8f
2024-11-04 19:36:11+00:00,SELL,11.88,0.579,0.58,0.0010000000000000009,0x70099bbd3e3a700b3d574a91650a8154c9017e77da18d8ad6108be5743b9b6d4
2024-11-04 19:36:11+00:00,SELL,18.14,0.579,0.58,0.0010000000000000009,0xa1c5c5a244a243b1c13511ebabe06ea2eff7f3971158b24cafb630799313d405
2024-11-04 19:36:11+00:00,SELL,11.93,0.579,0.58,0.0010000000000000009,0x6837a33b23d4aa57fbb87b341a63a92725eebb0e99b5429d1e1f94afdff12d21
2024-11-04 19:36:13+00:00,SELL,14.2,0.579,0.58,0.0010000000000000009,0x4b0266355d6869b10fece2e90212498ddc4013ff87c311e948628573086d244b
2024-11-04 19:36:13+00:00,SELL,86.81,0.579,0.58,0.0010000000000000009,0x36dc06fa37d6d11d70829f1fda6d745ad8bd16f4baaf8493b244915f8daecd99
2024-11-04 19:36:13+00:00,SELL,13.05,0.579,0.58,0.0010000000000000009,0xcae374b8cef5d37c57b1695cd89533cadfb8745267d812984080e203a90e9b74
2024-11-04 19:36:15+00:00,BUY,8.60585,0.5809999012,0.58,0.0009999012000000418,0xaf822a47db21ae04ce8db685975ee6221e32bfe9a1d96f726127beb888e82635
2024-11-04 19:36:15+00:00,BUY,13.38,0.581,0.58,0.0010000000000000009,0x79432a53c3fdbfacc232364f332649c18517ab3965ee541a5c2a204902067327
2024-11-04 19:36:15+00:00,BUY,91.273665,0.580999996,0.58,0.000999996000000003,0x5b14198bb428b0041f16c31e0d5449b58a3eef5a2fb82f896d130afd2498052b
2024-11-04 19:36:17+00:00,BUY,13.1,0.581,0.58,0.0010000000000000009,0x545f2a28dd513b6781b2a32a921dcf5139faf1a869ebe04ee25ad7bc5b32db5f
2024-11-04 19:36:19+00:00,BUY,258.175558,0.5809999992,0.58,0.0009999992000000457,0xd98bc42ca589fdae77da26c4fa01648e62bb5caedfb289fc62958acd2fb39247
2024-11-04 19:36:21+00:00,BUY,15.65,0.581,0.58,0.0010000000000000009,0xcb9a93108392a1b3cc2896e43112a7341bd6952108d4fb3f9ace84695edb9ef1
2024-11-04 19:36:21+00:00,SELL,56.4,0.58,0.58,-0.0,0x5a5cc3db4f3bce0904503c2511eb098b2c4104e13af690131ccb985bd6d8c538
2024-11-04 19:36:21+00:00,BUY,34.423406,0.5809999743,0.58,0.000999974300000095,0x7131d66e5454e7f6b1d8812f8600e08b72d262456126bbabca7f1054714cbb32
2024-11-04 19:36:21+00:00,BUY,15.16,0.581,0.58,0.0010000000000000009,0xd688129c7bd22b247b609db313c3f42f2072150851b97b153f703b9d1cfbe6f0
2024-11-04 19:36:23+00:00,SELL,71.69,0.58,0.58,-0.0,0xbc6fb0b91f0976e5c6cf003e25a10f4f59a53ca0ad4b9939b85f2339e230dcfb
2024-11-04 19:36:25+00:00,BUY,14.31,0.581,0.58,0.0010000000000000009,0x3745d4aef9434f9013c29e9cf367818403d31489d3a7d09d8c1f2c7f5af435b4
2024-11-04 19:36:25+00:00,BUY,13.86,0.581,0.58,0.0010000000000000009,0x20545af37521986e4282b7eb3872e27793956928122b3aa76b5f779300ccf930
2024-11-04 19:36:27+00:00,BUY,516.213424,0.5809999993,0.58,0.000999999300000054,0xe2466d871fde568fd9626d4b90e4f212cc322ff6f2d5d3ab639e5c60d0709e24
2024-11-04 19:36:27+00:00,SELL,82.51,0.58,0.58,-0.0,0x95868673f10e428cfadebf73966fac0bf421bd5167b05ae777643f46c09a8de2
2024-11-04 19:36:29+00:00,SELL,87.65,0.58,0.58,-0.0,0x1a1bb17e8d177b0baa65f285b7267f8175f29b94417478714483e2af860218c8
2024-11-04 19:36:29+00:00,BUY,12.66,0.581,0.58,0.0010000000000000009,0xcc5a700441a899bdcff0b1d2259d3bf5bfeeb87a96d3017efa4ce57ed2c2e457
2024-11-04 19:36:31+00:00,BUY,15.88,0.581,0.58,0.0010000000000000009,0x4b993891ba377efc1b913fd0c7404a42ec79be01b5b607dd17c8ce85d22c31ec
2024-11-04 19:36:33+00:00,BUY,45.559379,0.5809999956,0.58,0.000999995600000081,0x97acb6c1d158b5fd7960d7481a3e48d75be7d695cbfff256b35aadc61b0b1ceb
2024-11-04 19:36:33+00:00,BUY,13.12,0.581,0.58,0.0010000000000000009,0xebe12f4b42cbbba1b4d9240efbeef45b1a2df4f78f6ab7053ced18d855ab0afe
2024-11-04 19:36:35+00:00,SELL,78.45,0.58,0.58,-0.0,0x79ed2bc47f822a20c469c0d706d9c5ef0f2696c50560a95f4caad1ba54c1752e
2024-11-04 19:36:39+00:00,SELL,14.64,0.58,0.58,-0.0,0xce755702eaa19a3078e2fb6bc9ff3939ff8e2ab7e56a8a9f2a1d5dec5541aba4
2024-11-04 19:36:39+00:00,BUY,11.82,0.581,0.58,0.0010000000000000009,0x22f469ddc14b4900d44e8ce34b00bac192d10deb9598791ab3f02c4f81d4c11b
2024-11-04 19:36:39+00:00,BUY,14.14,0.581,0.58,0.0010000000000000009,0xe0d72062e29188f2857bf6b1676d2c68d8dbc6566ea2f82406a20a091334ac15
2024-11-04 19:36:41+00:00,BUY,326.574869,0.5809999973,0.58,0.0009999972999999995,0x622f2a2e3338376492104fe0694a4d7daa7c61d0f9024b0a28f2a5c3da995810
2024-11-04 19:36:41+00:00,SELL,91.27,0.58,0.58,-0.0,0xb1f61a06a276ce0da9cb56e3a914790a473ad51f60a720041af9fc166a5186d5
2024-11-04 19:36:41+00:00,BUY,14.81,0.581,0.58,0.0010000000000000009,0xf25f27a87b09706ef78653539fb1f43aa732958198ec731d66857d9f88f04464
2024-11-04 19:36:43+00:00,BUY,41.669534,0.5809999939,0.58,0.0009999939000000513,0x9b67c8a412c3a9008717657c94cddc5379452f79960969c40bc842694f7ce800
2024-11-04 19:36:43+00:00,BUY,12.33,0.581,0.58,0.0010000000000000009,0x0d6c04f39efe65e32926f4c84ad8df8ab9ecfb8ceffc0d75fccf448d67cf75bd
2024-11-04 19:36:45+00:00,BUY,15.21,0.581,0.58,0.0010000000000000009,0x1a933ca14c543852f669db6ddbe89e014249ec2fabad9254cdc53d61db000b91
2024-11-04 19:36:45+00:00,BUY,261.170394,0.5809999965,0.58,0.0009999965000000444,0x3cc710e943a1bacb2698166a1c5dbceab3fc111c22708f69b6e08617698c2d21
2024-11-04 19:36:47+00:00,BUY,14.84,0.581,0.58,0.0010000000000000009,0x6b24e73d4c00f96a62f144dfccdffdecf04ac06f76cf18045cc0e92bc6c099cb
2024-11-04 19:36:49+00:00,BUY,13.37,0.581,0.58,0.0010000000000000009,0x0a1a68f694847855d822d95b288f88c48fc524c40e952364c07e04a63bd4ce7c
2024-11-04 19:36:51+00:00,BUY,13.46,0.581,0.58,0.0010000000000000009,0xed86feafc53fd6f911482d932f8a95bcf2246ecfbcc4552a9dd6f94377aff119
2024-11-04 19:36:51+00:00,SELL,3.22,0.58,0.58,-0.0,0xa4c46ee18ca7d664a1c9c875ce14319c4aadafd2aee5e368381644961ed039c4
2024-11-04 19:36:53+00:00,SELL,56.0,0.58,0.58,-0.0,0x8cbd414191d5e3c0f33be3136fabb0e3e89510cff5dbb8fdb34818a9591adaec
2024-11-04 19:36:53+00:00,BUY,273.184164,0.580999999,0.58,0.0009999990000000292,0x3ab225d135acda2c8c81c2352fb4abc636f91a4ae76ac6e600e0c26721c54365
2024-11-04 19:36:55+00:00,BUY,14.24,0.581,0.58,0.0010000000000000009,0x08bc61749f5fb60cf4091b402512cb0c8bb2669f4117bbb0d2fec7e1834dd19a
2024-11-04 19:36:55+00:00,BUY,16.14,0.581,0.58,0.0010000000000000009,0xb1ff8561ce871c38ba6f1b7f0f9c58ee7f1683971fd8c8b3e827e9beb75b390c
2024-11-04 19:36:57+00:00,SELL,90.66,0.58,0.58,-0.0,0xbfa035b78a683ce7a8fb6c2abe724cdcd3a0f403aa158da336c61aeb530d1eb7
2024-11-04 19:36:57+00:00,BUY,5065.318415,0.581,0.58,0.0010000000000000009,0xda9933ff95348771a19b3f3af1772f23a9669f22451161e4874061e9d6ed7008
2024-11-04 19:36:59+00:00,SELL,59.87,0.58,0.58,-0.0,0x8ef2feb155bca2a6dd0d974ca5ffd3ede178a58386551bd9735151e18261639d
2024-11-04 19:36:59+00:00,BUY,15.32,0.581,0.58,0.0010000000000000009,0x329964f854ed7b84f45d34c8ccf1ed0dce35e2df826ed1a788fd8a247cfc8150
2024-11-04 19:36:59+00:00,BUY,13.9,0.581,0.58,0.0010000000000000009,0x026ed14cef62a9bfd2f6765d748bf6b683bcb81ca3e77528856666d5c995fc35
2024-11-04 19:37:01+00:00,BUY,154.337348,0.5809999988,0.58,0.0009999988000000126,0x0a89e5b0d4c8452c3b225d219716ba82e2edfbce14655c385dced46d662b17bf
2024-11-04 19:37:01+00:00,BUY,227.005162,0.5809999995,0.58,0.0009999995000000705,0x6bbb8aeab3d2d631e7ccfc64875639e8d3a7c61493d142fd3bf12b6e80fd37dd
2024-11-04 19:37:03+00:00,BUY,12.98,0.581,0.5805,0.0004999999999999449,0x50a19bcb144387a870745a7c0644a8189df2c36ea0d5ccbc7ac0906669d263c1
2024-11-04 19:37:05+00:00,BUY,27.79,0.581,0.5805,0.0004999999999999449,0xe820b00382b967da2258b9ccaffabced5c369f110498f7734802687b0ed70d4e
2024-11-04 19:37:07+00:00,BUY,13.86,0.581,0.5805,0.0004999999999999449,0xe5d720f9b14495e02731cf31f4d227bb6c5dcfc6901d23ad4860a0799c3594b4
2024-11-04 19:37:13+00:00,BUY,5462.513177,0.581157408,0.5805,0.000657408000000026,0xce78ab495e50b0fde7f4c9718f85ec613866c251f17c3474cd57a79b520cb4d8
2024-11-04 19:37:13+00:00,BUY,14.12,0.581,0.5805,0.0004999999999999449,0x5cbaeecff63d163a26df241fe0ed25b917d9c78bfa0486b4ab1d60436695f8e3
2024-11-04 19:37:13+00:00,BUY,13.06,0.581,0.5805,0.0004999999999999449,0xae11ea98bafca3d4493f693b8c5b1cfcc398abaa7f2f9a984fc322673ffee071
2024-11-04 19:37:15+00:00,BUY,12.43,0.581,0.5805,0.0004999999999999449,0x51dea41ebacf7013d879a934318017ff985e8cb3981f873a586ebea3ee9c3874
2024-11-04 19:37:15+00:00,SELL,5066.23,0.58,0.5805,0.000500000000000056,0xb668f64b6ba1198fda01a8155fb7af93bad6cd9f262117e09ecbe6497c724aa3
2024-11-04 19:37:15+00:00,BUY,13.61,0.581,0.5805,0.0004999999999999449,0x5b83f8dffe99b4faae66f0ab1ff20403ee0ea4f405362e780b91e3a29b98185a
2024-11-04 19:37:19+00:00,BUY,14.01,0.581,0.5805,0.0004999999999999449,0x30a8661e3bd80b31585329a6a78454b4546cac7357c882a252038a52e572147f
2024-11-04 19:37:21+00:00,BUY,12.28,0.581,0.5805,0.0004999999999999449,0x6d65fdf602e3ae6401b00dfae32fd95913b21571549172e66f090f3ac35112b9
2024-11-04 19:37:23+00:00,BUY,14.17,0.5816471418,0.5805,0.0011471417999999733,0xca63931f6ff448a60cc02ed744c124fdfa4149bf3668d2ae8ce6a79319d44344
2024-11-04 19:37:25+00:00,BUY,12.47,0.5812421812,0.5805,0.000742181200000025,0x414ececf7b02585e42564aac0e4f7ea6f87b5b7ae032ad78bcf316e8de61867e
2024-11-04 19:37:25+00:00,SELL,360.99,0.58,0.5805,0.000500000000000056,0xc8de43c50adb92e3e773d81ebe9e958be139e292bb5ff5cf9fb4297c4a0c7bf9
2024-11-04 19:37:27+00:00,BUY,13.21,0.582,0.5805,0.0014999999999999458,0x333752b75026eb4c65b37c47e15614277d158f4b3c10ba279073a735e2f675e4
2024-11-04 19:37:29+00:00,BUY,12.4,0.582,0.5805,0.0014999999999999458,0x3546f4c29d0350f0f3ba17646874dc1f593763143f70d187908c629e3017ac98
2024-11-04 19:37:33+00:00,BUY,13.12,0.582,0.5805,0.0014999999999999458,0x52f14506733d97bf8c32b1e71dfc4b3cef03b2b60ec24a8592f3e2eec078739b
2024-11-04 19:37:33+00:00,SELL,13.1,0.58,0.5805,0.000500000000000056,0x856a70c243bc0041e3f3a9d7e126e87d7b11afe19b2d4978048edab0c6648efa
2024-11-04 19:37:33+00:00,BUY,98.298968,0.5819999962,0.5805,0.0014999961999999645,0xa1313a35a4f9bca812b73dd27f4bedfefdd6de4513dca270e537d5ad04746c9b
2024-11-04 19:37:33+00:00,SELL,15.65,0.58,0.5805,0.000500000000000056,0xa7cc905a9ecb94c764a2df23e6afe3258266c6eeb948a6b6074c5d3aaec25a79
2024-11-04 19:37:35+00:00,BUY,362.542954,0.5819999994,0.5805,0.0014999994000000072,0x66edb26b9187c9f87b43a2ee13ad4cbc949bc7ad1d1c57ac022eeae961d4b052
2024-11-04 19:37:35+00:00,SELL,14.31,0.58,0.5805,0.000500000000000056,0xe6fc5c800d8c40677a55667800084e1ef14979ba561fec157a27f131c4fb7d5d
2024-11-04 19:37:35+00:00,SELL,12.66,0.58,0.5805,0.000500000000000056,0x0178ef1498c86168e943375b7f5fed18e2a0351541ad3104a3afb08efacd4f19
2024-11-04 19:37:37+00:00,SELL,13.12,0.58,0.5805,0.000500000000000056,0x1c4a298aa14fc517c5176b0f52c354c81a202691a4387f735beeb0f2dc3ce9c8
2024-11-04 19:37:37+00:00,SELL,11.82,0.58,0.5805,0.000500000000000056,0x4f3af8178f0e02024fd42d04f99519352a901faa19a409b83772b66107373fa2
2024-11-04 19:37:39+00:00,SELL,15.21,0.5805779093,0.5805,-7.790929999995644e-05,0x37fe76415eb5afb4cbadb470213b0a5229bd2083c2f36cf589cda8110f55ac45
2024-11-04 19:37:39+00:00,BUY,14.73,0.5816605567,0.5805,0.0011605567000000372,0x6a4d4106f15108eb5bf853494318d80228c5c9aa577ea5e8499cba3a373b99ad
2024-11-04 19:37:39+00:00,SELL,14.81,0.581,0.5805,-0.0004999999999999449,0xcd480f2e843fc67c79e8a062598384fae6aa50f36fd424b05f82af90e3414ad8
2024-11-04 19:37:41+00:00,SELL,14.84,0.58,0.5805,0.000500000000000056,0x50109cb1ca59cf6a0959a47f4dcd992119a590ac7fec17dd49053a5dfbbb931e
2024-11-04 19:37:43+00:00,SELL,13.46,0.58,0.5805,0.000500000000000056,0x56581d84f6afa902a2cb1b00e95a00e084b2c7cb7dfe1aa5dfc12b865dc52763
2024-11-04 19:37:43+00:00,BUY,14.52,0.5816556474,0.5805,0.0011556473999999595,0xf2799a26c93364b4d71d7431da25e823d89c3b4c34122a2a893097fe564f8076
2024-11-04 19:37:47+00:00,SELL,16.14,0.58,0.5805,0.000500000000000056,0x5378566eeb8ea4d32aa3f6519c3d52722d009b7e5d382bc54ae05ba85a47015b
2024-11-04 19:37:47+00:00,SELL,15.32,0.5806527415,0.5805,-0.00015274149999999764,0x5fa7cdb51672ba84ba272c2273edeedb3186e8a430fe3628a8110059f335920a
2024-11-04 19:37:47+00:00,BUY,5.0,0.582,0.5805,0.0014999999999999458,0x5c2047fc060254aee85feecdc07b113100dadd942e1f2e9351e63e6dd8024b4a
2024-11-04 19:37:47+00:00,SELL,12.98,0.58,0.5805,0.000500000000000056,0x1dd4424593e560a3bcd5e2a69f0cf15ed8f8b85c1b06d76499c8c001e9ea2f05
2024-11-04 19:37:49+00:00,BUY,14.21,0.5816481351,0.5805,0.0011481351000000029,0xaf747d58d03a337ce798784cf6cfecad3bf43bd7c06ac590b02bc45fb9df4e60
2024-11-04 19:37:49+00:00,SELL,12.43,0.5804022526,0.5805,9.774740000001447e-05,0x6d7bb70cd2d024c6b1624d47ea3e852275d032197e2e352a9573ec9f457ddc63
2024-11-04 19:37:49+00:00,SELL,14.01,0.58,0.5805,0.000500000000000056,0x4c8ed2d2a612a80509cd1c2955212e16c85a2951c3b0f89d2e2d6c03d060334b
2024-11-04 19:37:49+00:00,SELL,13.86,0.58,0.5805,0.000500000000000056,0x943c292f87a09092b0856611c6912cfa7ec185be21c1eecb92e0607e688171c6
2024-11-04 19:37:49+00:00,SELL,13.06,0.58,0.5805,0.000500000000000056,0xed2db9e5feaa27d5242463c9fd9109149300da38e8879b4597eafdb303df70da
2024-11-04 19:37:49+00:00,SELL,572.0,0.58,0.5805,0.000500000000000056,0xac474131949b4d5a3f9008cf44721f49d7580ec1d07784220cdd524b8bac6428
2024-11-04 19:37:51+00:00,SELL,66.45,0.58,0.5805,0.000500000000000056,0x95818ee87ec28a5f98e51b742c9efdbf7ca65696ffa331859f0f4b74b881a923
2024-11-04 19:37:51+00:00,SELL,14.17,0.58,0.5805,0.000500000000000056,0xe4c7df356a82ab0a3a36d7469900a41bdd3972a7797f7392be3c968699f2d2c8
2024-11-04 19:37:53+00:00,SELL,12.4,0.58,0.5805,0.000500000000000056,0x769b4aef06da58e2907c14ebbd98e575708fc0d9fbff0e873da9038eef9b1c93
2024-11-04 19:37:53+00:00,SELL,12.47,0.58,0.5805,0.000500000000000056,0x7e5e4946ca74b66a2da7b870a34e0ffb5eaa2fe864fa2be3eef1f2a95bf663ad
2024-11-04 19:37:53+00:00,SELL,5.0,0.58,0.5805,0.000500000000000056,0x61cd6bd020ee4b3d46c17f59c2beb2443657c27063fa865c8417102d7c96259f
2024-11-04 19:37:55+00:00,BUY,12.69,0.581605989,0.5805,0.0011059890000000294,0x3d214ce32de937781f853660a5d11532d9482a432fe70de89ecb3e72da4209a0
2024-11-04 19:37:57+00:00,SELL,98.3,0.5800508647,0.5805,0.0004491353000000142,0x107b42aeb6813c0e4b68d2f7c3be71a56b9524a5f31b33deacfe8a42fac84839
2024-11-04 19:37:57+00:00,BUY,16.59,0.582,0.5805,0.0014999999999999458,0xff3676fc3219b323c5c057d1924e6eef369c6623d1a3ac83bfd49642073ccb25
2024-11-04 19:37:57+00:00,SELL,15.47,0.58,0.5805,0.000500000000000056,0x3436f0e44e85b6b20bce534a6cd17f703b317807671231d3a5800e7818c2dce4
2024-11-04 19:37:59+00:00,SELL,13.38,0.5803736921,0.5805,0.00012630790000001113,0x5a3dc595e1973231ccc3c841a6f848a5526335f8ca9d83dd08b53f0b0c785264
2024-11-04 19:37:59+00:00,SELL,15.16,0.58,0.5805,0.000500000000000056,0x06203785a1bb14e07f57f6995a2e81fb5071b61e1f6358af3479a1bf1afd39ca
2024-11-04 19:38:01+00:00,SELL,23.12,0.58,0.5805,0.000500000000000056,0xae68b8ee7a001d94a9ced7af9bb47892a4a8893b0cbd9ee0048e9d1928e06e7f
2024-11-04 19:38:01+00:00,BUY,13.24,0.5816223565,0.5805,0.0011223565000000324,0x288a942d2e04cc0886a0aaee8beaf574c4319ea446ba826e6458675ce5dab459
2024-11-04 19:38:01+00:00,SELL,13.86,0.58,0.5805,0.000500000000000056,0x7e87eb3e8e3c48a55b3290ab352fe12b6c9337357cbc41c6f68ecbcd502bee15
2024-11-04 19:38:03+00:00,BUY,171.769758,0.5819999991,0.581,0.0009999991000000374,0x6470140a1eca079ed0154836c4fc62cf8847953587813988be5e24f366c40c70
2024-11-04 19:38:03+00:00,SELL,72.67,0.58,0.581,0.0010000000000000009,0x60ca15ca4412853a318bbab31826b6e907cf5ac8e3a3041279fe43a8e1468db5
2024-11-04 19:38:03+00:00,BUY,12.36,0.582,0.581,0.0010000000000000009,0xcb8790eb798851ce0cdd579e650ffb6ad8b1e94d9a095ae3838c7683ebc20ee0
2024-11-04 19:38:03+00:00,SELL,14.14,0.58,0.581,0.0010000000000000009,0xd9dfd7ca778bb5054f97cb07ee411d097c00298aab8e75316bf1270e943505f0
2024-11-04 19:38:03+00:00,SELL,15.88,0.58,0.581,0.0010000000000000009,0x3af72f2b424aef4c62db5866bfd78d22d14ee3441eb70de0b7c436a9b989596f
2024-11-04 19:38:05+00:00,SELL,12.33,0.58,0.581,0.0010000000000000009,0x4ec5f0639c851d7eabc7a68dbc0e4d11c580a76c3e42d6f19551981d0a497a97
2024-11-04 19:38:05+00:00,BUY,5155.0,0.582,0.581,0.0010000000000000009,0x619f3645583a719829723e6ec439eabdb9711ebf705ae2924bcad77d5a9341e7
2024-11-04 19:38:07+00:00,SELL,13.37,0.58,0.581,0.0010000000000000009,0xe492c3ba09f9755151a8fb28ffc585878f953eb1a798e528dbba565668d973b2
2024-11-04 19:38:07+00:00,BUY,13.69,0.5816347699,0.581,0.0006347698999999984,0x06098077ceab5b65cca320cfa0bd830aaf94f54a99064f287973de527c8a768a
2024-11-04 19:38:07+00:00,SELL,14.24,0.5803511236,0.581,0.000648876399999998,0xb5b9f11a18200bf6af9dcd71219e4973ed59e337e20b1585a51577bd9ed2ceae
2024-11-04 19:38:09+00:00,SELL,27.79,0.58,0.581,0.0010000000000000009,0x2bf8b1df763f36706a8101be91d6f251ca00d73d83b31ebac5021d25c6e9156b
2024-11-04 19:38:09+00:00,SELL,13.9,0.58,0.581,0.0010000000000000009,0x5a22a281a28648d6a0809cdf002f7a4b4da676284eb5e45efc26488f7558a0a6
2024-11-04 19:38:11+00:00,BUY,13.08,0.582,0.581,0.0010000000000000009,0x669f2e7d907ae51b39b64c25c927096e6551f6ebed0eedf42e3a8424a82d9097
2024-11-04 19:38:11+00:00,SELL,14.12,0.5803541076,0.581,0.0006458924000000144,0x82b3a455c31d7d95cbaf15a1f9a4dd9aa00e0cf891b70d0cf330a07f8c4425fc
2024-11-04 19:38:13+00:00,BUY,12.73,0.581607227,0.581,0.0006072270000000435,0x7c0dd040fa9b4928d0defba840def8532afc8ba83cd31bdb681f70259659b895
2024-11-04 19:38:13+00:00,SELL,13.61,0.58,0.581,0.0010000000000000009,0x150c821ee5dc7bb848031d658e589a6c5ec08602be9b79185fef073eee8c2d2a
2024-11-04 19:38:15+00:00,SELL,12.28,0.58,0.581,0.0010000000000000009,0xfd8418abec5f9af756a94b7c74a6c062272ff86c9995e7fac71b3248915faf30
2024-11-04 19:38:17+00:00,SELL,13.21,0.58,0.581,0.0010000000000000009,0xc42dde938916bb6e18b5143f4673d4ec0fafb17ec0c4f8ccb6451e352aac3644
2024-11-04 19:38:17+00:00,BUY,12.94,0.582,0.581,0.0010000000000000009,0x989277c5257a627f049d01f0c7afb4797eed6e31bbf6369ff563d7e5a1a7e4de
2024-11-04 19:38:17+00:00,SELL,13.12,0.58,0.581,0.0010000000000000009,0xd3f87308f0f752b9a5acb65e71cab4ff3c727bd382a537e0e0d1583baed285cb
2024-11-04 19:38:23+00:00,SELL,14.73,0.58,0.581,0.0010000000000000009,0x1411edf7c677b02d2de337e47905e032bc2d4ee7b10d67ee525235ec0b7c5a65
2024-11-04 19:38:23+00:00,SELL,3449.0,0.58,0.581,0.0010000000000000009,0x81230ee40f34c21d4443c9e165f5d05c44de9bcbb92998d960e6bd12d450306a
2024-11-04 19:38:23+00:00,SELL,14.52,0.58,0.581,0.0010000000000000009,0x9354ae38fbe525e7267b8bc26ee4618b79452fa73b8ea6c29a8e2f58a1776789
2024-11-04 19:38:27+00:00,SELL,2.39,0.581,0.581,-0.0,0x7538beb91cb46e8db8006bb1c4f8e291dc5f0ab1f20fcd8951013857a01ad0dd
2024-11-04 19:38:27+00:00,BUY,12.81,0.582,0.581,0.0010000000000000009,0x802422cfa296c08ed87a76d343492b61cce2d35cfe41199cd76047b106df7c53
2024-11-04 19:38:27+00:00,BUY,100.0,0.582,0.581,0.0010000000000000009,0xe952daf20a264164a3844ca805eb4570c7098869377cfdbbc5fc732a65d2adae
2024-11-04 19:38:27+00:00,SELL,14.21,0.5803518649,0.581,0.0006481350999999469,0x680b147bcf8766eed0deacf180725832879cb0ccaecb95a791421ec4bebe43ea
2024-11-04 19:38:27+00:00,BUY,15.06,0.5816679947,0.581,0.0006679947000000075,0x23075b5ac6775b55a9d58276f3a3aa93490d011f2354ba9d89a8a5eef349d202
2024-11-04 19:38:27+00:00,SELL,12.69,0.58,0.581,0.0010000000000000009,0x4785081049a4696f9142446b98a759aa348241f306ce5d26504d798cc8426cec
2024-11-04 19:38:31+00:00,SELL,2.61,0.581,0.581,-0.0,0xe2c9f64d5e24d7bc62a293436482777237b8caed7d9e6ba21719642ba0c7fb16
2024-11-04 19:38:31+00:00,BUY,14.1,0.581,0.581,0.0,0x1af78496d0103325af23200cc5b8125ced1dfd827c7b02831f2d90546cd532eb
2024-11-04 19:38:31+00:00,BUY,13.67,0.581,0.581,0.0,0x583089e23f61f0d95c4314582b1e1adfc295a0b9f690a49a943938db722781b4
2024-11-04 19:38:31+00:00,SELL,64.69,0.58,0.581,0.0010000000000000009,0x3d57a44c521457436e8a800da4249c7ea85e7bd0f5529add9d4e67e24ce0d6e7
2024-11-04 19:38:31+00:00,BUY,93.780066,0.5819999956,0.581,0.000999995600000081,0x3fe9d5a0a4fe7132f34f03675267a93ae9d90ca14809929368b66d904e6928fa
2024-11-04 19:38:35+00:00,BUY,2099.725083,0.5819999999,0.581,0.0009999998999999926,0xc096a5467b5131546391803508f17977fe9e881cd5b86f826b5624bb3c2ddc36
2024-11-04 19:38:35+00:00,BUY,844.243985,0.5819999997,0.581,0.000999999700000087,0xd1ef593166ec33d343c79e246bef918f446fa1dc15f0482a9440b5d2c276635a
2024-11-04 19:38:35+00:00,BUY,14.11,0.582,0.581,0.0010000000000000009,0x255163cf0ba28e9bd35f0baae9f137356ac62dd9da04b5b0b07dcaadbe0546b8
2024-11-04 19:38:35+00:00,BUY,12.75,0.582,0.581,0.0010000000000000009,0xade0c8c59677e69fc29032db0d075b913a9ee22bb16aff993300921a305b5b1d
2024-11-04 19:38:39+00:00,BUY,1682.0,0.582,0.581,0.0010000000000000009,0xc93d779de29ddcbf188c977efc526e11e523e6a744ee2777ba72c35a1972e113
2024-11-04 19:38:39+00:00,BUY,5.0,0.581,0.581,0.0,0x8b5aae171633638a66304d06d0653f86886182c65ab0c906c4ea3a9e7a7a2c07
2024-11-04 19:38:39+00:00,BUY,11.87,0.582,0.581,0.0010000000000000009,0xf7490d522be6dba71da558c7bf7cbc3cab8897c1f0c6e0961029d322bf87a166
2024-11-04 19:38:43+00:00,BUY,13.01,0.581,0.581,0.0,0x72ded45371ea122cef107866c077fbd7af35dd19ae11e842878f1c680935e92e
2024-11-04 19:38:43+00:00,BUY,12.72,0.581,0.581,0.0,0x7d86d68a26d455d469bb36840b5406da443c794704b1b7aca2daf7f77db6009a
2024-11-04 19:38:43+00:00,SELL,9.97,0.581,0.581,-0.0,0xb9bf875f2f86a5e885347e8a725e5101b4e296756e1394eed69c7b574a14a2ab
2024-11-04 19:38:43+00:00,BUY,5.0,0.581,0.581,0.0,0xd6ff322198268b59239947b01c6706c13d3da53d25741244e278b0257887ce6b
2024-11-04 19:38:43+00:00,BUY,12.55,0.581,0.581,0.0,0x551db3eb34d1fc3c07759e7e8d7c587685e167ee5dacd2f25dc1aabb96705275
2024-11-04 19:38:47+00:00,BUY,1.703957,0.58099999,0.581,-9.99999993922529e-09,0x3bfba371b4128a2000a66e45cc2add97f3af4f0834b9ffdb0b22427fe76c1ca4
2024-11-04 19:38:47+00:00,BUY,14.52,0.581,0.581,0.0,0x502a65bd90b4ad455f2da7c322ad9d57a8830de647d232a840df7aa068f83354
2024-11-04 19:38:47+00:00,BUY,12.65,0.581,0.581,0.0,0x30be2636dddcc6884d295df57156a68ca54c7aa83940b91b8e8c6f223dce1670
2024-11-04 19:38:51+00:00,BUY,12.18,0.581,0.581,0.0,0xb1e1c875d9192e567e7778ddfb9e2b6b11d405130891c6c23c464d1be42c6696
2024-11-04 19:38:55+00:00,BUY,14.15,0.581,0.581,0.0,0xf49a04c8004bf3ce7d4a9b22a805eee869cf616620f5d6ae92aafe79e73a5eb2
2024-11-04 19:38:55+00:00,SELL,385.0,0.58,0.581,0.0010000000000000009,0xe63079fa5f117c48f9b3a5c9fe1934cc83e9e8fdbf8d0646d53e1caf3b6914c0
2024-11-04 19:38:55+00:00,BUY,14.05,0.581,0.581,0.0,0x07dd40e228230bcbf0ad189decd815a925f05d215c17e7ba7f79dad1fdf86dcc
2024-11-04 19:38:59+00:00,BUY,13.24,0.581,0.581,0.0,0x51409d791e4877333308ac433414db62f7e8831e6cc5f8c6c86818997133db45
2024-11-04 19:38:59+00:00,SELL,93.78,0.58,0.581,0.0010000000000000009,0x42ca08ae8da8fdab507e4c1086dd63780df11a93229765423d3609c1da4d4a20
2024-11-04 19:38:59+00:00,BUY,5.0,0.581,0.581,0.0,0x1acbbca4e15c08c6f2bba30aa2a7e638ab6550820856e34c1918e974c764120a
2024-11-04 19:38:59+00:00,BUY,14.46,0.581,0.581,0.0,0x422f6161f61b6b92f07f1d5252261d5881ffb663370cb6ce6467375afc9e440f
2024-11-04 19:39:03+00:00,BUY,12.97,0.582,0.581,0.0010000000000000009,0xf6db1421b48c1484b02ec0394ef302da9381b83dd546f5a0194db18eabf02adb
2024-11-04 19:39:03+00:00,BUY,12.81,0.5816096799,0.581,0.0006096799000000486,0xeecbeac6327a3cf448498f40b0b0a1f0935c888693697386630d6639ae50335a
2024-11-04 19:39:03+00:00,BUY,205.515461,0.5819999985,0.581,0.0009999984999999878,0x2adbfc5b3c81dfbcf800023466aeb9e4cfbdb2b707ac1e9bdf638463855a7c23
2024-11-04 19:39:03+00:00,BUY,171.769758,0.5819999991,0.581,0.0009999991000000374,0xbe69b8479f66711379ae55db9166ca6ee64f6707ca98d510dc1a4e54876cc76f
2024-11-04 19:39:07+00:00,BUY,12.93,0.582,0.5815,0.0004999999999999449,0xc8b9313c6544a7efb120722764538cf8673cc988faee6762370ba7e5a35f5299
2024-11-04 19:39:07+00:00,BUY,825.962198,0.5819999997,0.5815,0.0004999997000000311,0x50ac1c5b4cea9b16dc66ab4ecdc5c7b50112275d64af5b28da53acf48c35a4f7
2024-11-04 19:39:11+00:00,BUY,12.9,0.582,0.5815,0.0004999999999999449,0x36f9e85c5765d9a0f6ac3cce0c8c229e46a0407cfd2a29b3e21f91c7df17fa7f
2024-11-04 19:39:11+00:00,SELL,16.59,0.5806027728,0.5815,0.0008972271999999615,0xec3e6f2805ac9f2b398477faf4063f859cd71b5910f9f6384103a31d8edc92e2
2024-11-04 19:39:11+00:00,SELL,13.24,0.58,0.5815,0.0015000000000000568,0x123ed0b89ff9ddbfb27d22597158de488bbea2be6812e7643d31f3285dae9f7c
2024-11-04 19:39:11+00:00,BUY,1.721169,0.5809998902,0.5815,-0.000500109800000037,0x1c33d911e03b1ef95db6c7e97c397f9ad5227e5826648ec06d48d4f47588db1e
2024-11-04 19:39:11+00:00,SELL,12.36,0.58,0.5815,0.0015000000000000568,0x851ce1dffb2d8f6a0440de8acb727d2ebc2ac243b52e04892828fe5df3e8f62a
2024-11-04 19:39:11+00:00,SELL,13.69,0.58,0.5815,0.0015000000000000568,0xb562a583b21089adfda27d3771ce0fed5953963a3914f06b5cd94fef979e1ddb
2024-11-04 19:39:11+00:00,BUY,10.0,0.581673,0.5815,0.00017299999999997873,0x649c5380ff92bfa33de73c8615ee43b60bc481d9d379845ece01a5c773666e88
2024-11-04 19:39:15+00:00,SELL,15.06,0.58,0.5815,0.0015000000000000568,0x5bad0537801f1fc6eda285724756e79ae4922bc36e311fa8c9a3d087c8979961
2024-11-04 19:39:15+00:00,SELL,12.94,0.58,0.5815,0.0015000000000000568,0x4d40f6e5c73e296da157818084d5e6945a2e5578fe7daf9eca83adc8d32e8c51
2024-11-04 19:39:15+00:00,SELL,13.08,0.58,0.5815,0.0015000000000000568,0x92b95989bb7d3f53d5dcb0d87519317e41929bfdb4c36bc6b1dfb1f6533c826d
2024-11-04 19:39:15+00:00,SELL,12.73,0.58,0.5815,0.0015000000000000568,0xcc9ebe65a48da552cf587fa1cc44f8c85668d644fccdedde673c2b8e4aed491a
2024-11-04 19:39:15+00:00,BUY,205.068727,0.5819999994,0.5815,0.0004999994000000063,0x52126d58876ebe654ac0c155c992cb4ff4439852cbe8c07bcca05b6dfd1b5009
2024-11-04 19:39:15+00:00,BUY,15.03,0.582,0.5815,0.0004999999999999449,0x49683c0374ff6e9463dc44656cce1866a7464b82d4e596f84222fcdb270116d4
2024-11-04 19:39:19+00:00,SELL,12.81,0.58,0.5815,0.0015000000000000568,0xe016330557741d26ed4137c435001f0a96ed015fe104b8f5dd584ae141e4bf4d
2024-11-04 19:39:19+00:00,SELL,14.1,0.58,0.5815,0.0015000000000000568,0xf270a52360ac0e7679323dfa41263e0719f98555a1cca3d482328f9d4ddc3a84
2024-11-04 19:39:19+00:00,SELL,14.11,0.58,0.5815,0.0015000000000000568,0xe404f4e8af606ee3203685de76714d9b8e9cf4d775c47fed6feda1ea7ca38c07
2024-11-04 19:39:19+00:00,SELL,11.87,0.58,0.5815,0.0015000000000000568,0x54dd8b4fb74d2e0621744ef75e5251b81e9fdcd2da86b107969c0e33d14340f3
2024-11-04 19:39:19+00:00,BUY,15.22,0.582,0.5815,0.0004999999999999449,0x2ea59c8e5905b6143601606c3214e19fde4343dec703123e5d1baf9226a54b73
2024-11-04 19:39:19+00:00,SELL,12.55,0.58,0.5815,0.0015000000000000568,0xda2abfd0bff8d11c79d087d7742686738698b48d92f48dade8889315e0cd35cf
2024-11-04 19:39:23+00:00,SELL,14.05,0.58,0.5815,0.0015000000000000568,0x2ca407dc05f815bbf1102b2aa88cb4f3eb0aac94fe8eee3dc990735024b54960
2024-11-04 19:39:23+00:00,SELL,12.18,0.5808472906,0.5815,0.0006527094000000622,0xc2f58464b65b7b38f85b4d143a7435a380e1170ce66bfbeadb8025e3ad53173b
2024-11-04 19:39:23+00:00,BUY,163.230239,0.5819999994,0.5815,0.0004999994000000063,0x1252f746d6955182c6acb70d5ed714a75526000595aae06ec6a9308c80129864
2024-11-04 19:39:23+00:00,BUY,50.0,0.582,0.5815,0.0004999999999999449,0x2b78405c66229ac85cb1eceaedf0f10becee266eee1658173f96f8c83a481c2e
2024-11-04 19:39:23+00:00,BUY,937.903779,0.5819999996,0.5815,0.0004999996000000229,0x0be7c390b804d460152110550adc6f42114aeaa68537601ef9ba31051827ccd3
2024-11-04 19:39:23+00:00,SELL,12.65,0.581,0.5815,0.000500000000000056,0xf10dd8cde849266935f33bfe64bc775b226c3b407064fa6cc6a98c5450a932f7
2024-11-04 19:39:23+00:00,SELL,13.01,0.581,0.5815,0.000500000000000056,0xbc0a5d509bc0c01e84f7594da2a772736965d666f8dfeeeed146388ff247b6d8
2024-11-04 19:39:23+00:00,BUY,100.0,0.582,0.5815,0.0004999999999999449,0xd3803392d2c169c64d5178dc50777e747ca0e466695e2fa8aca82afa6eac548c
2024-11-04 19:39:27+00:00,SELL,23.63,0.58,0.5815,0.0015000000000000568,0x50bab422a5e51bf32fc7a8e3f6213349b0f3349c7f1202bf31f2a972b8af62cd
2024-11-04 19:39:27+00:00,BUY,90.73883,0.5819999993,0.5815,0.000499999299999998,0x68efc208aaf27f5a1a7841ccb517a277cd853316ef3c6217cc3bd51d6fa35d1e
2024-11-04 19:39:27+00:00,SELL,15.19,0.58,0.5815,0.0015000000000000568,0x2713e497211161f3d8ac2bb9b865f19218d096380052f026604ee4a193becb6b
2024-11-04 19:39:27+00:00,SELL,29.13,0.58,0.5815,0.0015000000000000568,0x29839a337b34ccb1dc34171c99447dfbf0121bf46564c5d9469251e6b9ab6d30
2024-11-04 19:39:27+00:00,SELL,14.38,0.58,0.5815,0.0015000000000000568,0x684d05b7957a54d7d420e5f2c2dddb07dc6776fc390c0dd72ff0f0a89b648afb
2024-11-04 19:39:27+00:00,SELL,12.81,0.58,0.5815,0.0015000000000000568,0x02ec10b664ce39b63e009cd5a8ef197484b836b5f8aaa343b94709cbfb84d089
2024-11-04 19:39:27+00:00,SELL,17.64,0.58,0.5815,0.0015000000000000568,0x128d20d73a9a5a067e56ffe6fd7d215e00d289511458773ab592c658f27db5c7
2024-11-04 19:39:27+00:00,SELL,12.93,0.58,0.5815,0.0015000000000000568,0x948e1440b06da13129d4be7c8804cb92e43c99a11bfaeb63852cb8865d173351
2024-11-04 19:39:27+00:00,BUY,13.94,0.582,0.5815,0.0004999999999999449,0x1ddfd4ef993d98ba14d4382aea91a2aabc1c9007013cd620b3401ff26c9e6917
2024-11-04 19:39:27+00:00,SELL,13.24,0.58,0.5815,0.0015000000000000568,0xd58b5c7dc8c206622f8e03311da513fd596bb5e17f05aa7b05bd091851522698
2024-11-04 19:39:29+00:00,BUY,12.86,0.582,0.5815,0.0004999999999999449,0x3056b4bf0b008aec8851630ab057d7df85c4ef9830fcdbcff86767667e7af7f1
2024-11-04 19:39:29+00:00,BUY,14.26,0.582,0.5815,0.0004999999999999449,0xc75c24bafe619c61b418fe2f3025b8bae624d836a533457917fb51e6eb0b2bec
2024-11-04 19:39:31+00:00,BUY,1.701028,0.581999826,0.5815,0.000499825999999981,0xd9c88b96596a89a784e55edef53b289111b856367fe33ae14fd590bef178924e
2024-11-04 19:39:31+00:00,BUY,13.68,0.582,0.5815,0.0004999999999999449,0x0e65b3d90e61338a10cbf631638337b10949fb9e095f1588d5f759dd1ac0452d
2024-11-04 19:39:31+00:00,BUY,82.800686,0.581999997,0.5815,0.0004999970000000298,0x6ee57f2d9edbdadb16374812c21a51058b0d32f286fb4f0ec17158b3b1182714
2024-11-04 19:39:33+00:00,SELL,12.61,0.58,0.5815,0.0015000000000000568,0x848ca2775d57a83f4e73ac05929f34f843487e227a8006de07fa187982707091
2024-11-04 19:39:33+00:00,BUY,14.88,0.582,0.5815,0.0004999999999999449,0x414eca69ca1b75e15a52bd9998ac7159af8a037306272b45baa0d19cd3a27385
2024-11-04 19:39:37+00:00,BUY,3.09,0.582,0.5815,0.0004999999999999449,0x0250d3b36af6f5fcd8f01c3af5265137a8fd1e694e7d9777031e714d76ed55e8
2024-11-04 19:39:44+00:00,BUY,945.017181,0.5819999996,0.5815,0.0004999996000000229,0xfd5fd186646e576bd9e6b1cd755126e2124b972c47c1e008e1b9527116c1ae6d
2024-11-04 19:39:44+00:00,BUY,2.52,0.583,0.5815,0.0014999999999999458,0x325db6188bbf60353977e9d6fb8f54e886c4a10cce7f952a6fb9a630f96f4c42
2024-11-04 19:39:44+00:00,BUY,12.75,0.583,0.5815,0.0014999999999999458,0x2c594b9751287257d61fbfd2b7e6f4a9cd851ba81e4a0a0995f056f118680414
2024-11-04 19:39:44+00:00,BUY,13.07,0.582,0.5815,0.0004999999999999449,0x6d5586bae08889c35bddb564e9e3c661b2bec58e2256c1062e0327ca4eef3078
2024-11-04 19:39:44+00:00,BUY,33414.81,0.582,0.5815,0.0004999999999999449,0x6e0b258c4500125b7b7dfc1f8cef01a654acc8d9ce0b654a89f7398f014da6d3
2024-11-04 19:39:44+00:00,BUY,2.33,0.582,0.5815,0.0004999999999999449,0xb05877351cd64ae5f92b81dcb18cf2e3ad3f42f7e6b609e625cd7012fb2d2539
2024-11-04 19:39:44+00:00,SELL,13.92,0.58,0.5815,0.0015000000000000568,0x45a8f22ab47c1ea884456f3717f6623fc4a5cd6fa703abfdd29292eff2767b56
2024-11-04 19:39:44+00:00,SELL,13.17,0.581,0.5815,0.000500000000000056,0xf5390f7d78a7a51c77c3128e0476ff3876cabbf941b67c77bbd0543c954e8eca
2024-11-04 19:39:48+00:00,SELL,18.39,0.581,0.5815,0.000500000000000056,0x29a27da336ba1804f0546b871beb1075b886c15b868296406d92e06d78dff875
2024-11-04 19:39:48+00:00,SELL,12.28,0.581,0.5815,0.000500000000000056,0x38eae4e119766560fc3ab78d58e3b09dbab60cd2104f053c31287f56673cd59a
2024-11-04 19:39:48+00:00,SELL,13.1,0.581,0.5815,0.000500000000000056,0x18bfb488d82c5bb6dca91205da267d607f3052b5c569d412b4e7fc2bee306429
2024-11-04 19:39:50+00:00,BUY,50.0,0.583,0.5815,0.0014999999999999458,0xf5481eaeac4d33d4688c1b7323338ead2cbcfe418d152b87e0e41311403a1d60
2024-11-04 19:39:50+00:00,SELL,61.78,0.581,0.5815,0.000500000000000056,0x900f83c51aa397184f453275ee383c4acecc871e9e64d77e8d45f05d7a60986d
2024-11-04 19:39:50+00:00,BUY,2.99,0.583,0.5815,0.0014999999999999458,0x22368b63b0f1b5a77fe8f61ac3fc2308198c00e187fa30538d5688f714991ece
2024-11-04 19:39:50+00:00,BUY,14.14,0.583,0.5815,0.0014999999999999458,0xf17bd3e0d29efca3a068292ed2c26e279d2f2b3f1d0c0d245d4599e02fe2f1f7
2024-11-04 19:39:52+00:00,SELL,211.03,0.581,0.5815,0.000500000000000056,0x023a999c41f98e3612080c5f776cde7d8c5a711cde687f9bffbb17fd9bf18096
2024-11-04 19:39:52+00:00,SELL,90.74,0.581,0.5815,0.000500000000000056,0x4f0a8cc9ad351a794bfd799d875537cd0418333b03c4f812f92735af8458ac4b
2024-11-04 19:39:52+00:00,SELL,13.35,0.581,0.5815,0.000500000000000056,0x98a636820dc65d2492ec38a95b74cc56e7e34b7c106dd8b36ee556f9280af9d6
2024-11-04 19:39:54+00:00,BUY,2.25,0.583,0.5815,0.0014999999999999458,0x0a8d81a2f164c019af8beb145a5f6123cc55d8a8b55cf7ecb2caba3557a5dcd8
2024-11-04 19:39:56+00:00,BUY,15.2,0.583,0.5815,0.0014999999999999458,0x183c4ad585ddb34da55fbe3e61d0792ffdc04839c40dd18f1791b376a62a6e68
2024-11-04 19:39:56+00:00,BUY,17.135506,0.5830000001,0.5815,0.001500000099999954,0x5cf232b35ed2e351e3f58128a68191f438818e5bdaf03a0ea64714fdfb508a7d
2024-11-04 19:39:56+00:00,SELL,13.2,0.581,0.5815,0.000500000000000056,0xc9e7ba5dd3d2a33ea195a88c1707325b2361494e617467ab4fe70649c26a576e
2024-11-04 19:39:58+00:00,BUY,2.13,0.583,0.5815,0.0014999999999999458,0xd09bdc1222846b447969b88d59354577ca2397ee07bf179d417ec27d9dbe216a
2024-11-04 19:40:06+00:00,BUY,14.33,0.583,0.582,0.0010000000000000009,0xda3840e2d06408c54c07a910fcd86f6209ccbe80f9942296a9db3208ada9fd5d
2024-11-04 19:40:06+00:00,BUY,10.0,0.583,0.582,0.0010000000000000009,0x4ae9d17aa08d89a98b1027d80103bf8039e87cae4835de80a83112dedbca5d5a
2024-11-04 19:40:06+00:00,SELL,14.18,0.581,0.582,0.0010000000000000009,0x89072c4cabfae0d61f110596ac9b70d9f395af109c961f7254d4f6ad40956141
2024-11-04 19:40:06+00:00,BUY,2.56,0.583,0.582,0.0010000000000000009,0xe29c7d4ab42fc60b27f88de9daed845838b3537fb85bf68a9be66a9a991689b9
2024-11-04 19:40:06+00:00,BUY,171.526585,0.5829999997,0.582,0.000999999700000087,0xfd2de7c25bfc25231e321f58339c2a9aa1801f844089a70b6844cdb4c577cde0
2024-11-04 19:40:06+00:00,BUY,13.57,0.583,0.582,0.0010000000000000009,0x7b5c40faa8b7a4e475fcc545fe00c8cdc2e668b1a36cc81053a3424afe9e920b
2024-11-04 19:40:06+00:00,SELL,13.01,0.581,0.582,0.0010000000000000009,0x85d7a86b9fb5359cc5e92681c82ce97dddd4adb30ccebd2e7b5569fbf5750a3a
2024-11-04 19:40:06+00:00,BUY,1.5,0.583,0.582,0.0010000000000000009,0x669219334a6b000473f777fab74ca621978a34bbe4759fbcf12cd3b1939d12e6
2024-11-04 19:40:12+00:00,SELL,100.0,0.581,0.582,0.0010000000000000009,0x75c49a0702febbb1244dcbc9533f8e3477bbc21087c2910c9a2f2f9b2cdf522d
2024-11-04 19:40:12+00:00,SELL,651.17,0.581,0.582,0.0010000000000000009,0x8a0a6c16717024c52b5174dfe9bb6f06ae231f3c159bcdabde029d4632b2a307
2024-11-04 19:40:12+00:00,SELL,651.16,0.581,0.582,0.0010000000000000009,0xfa80cd80de57deb0b1d73f877c08f00af79e233107e0078fc7899dca90649c73
2024-11-04 19:40:12+00:00,SELL,12.23,0.581,0.582,0.0010000000000000009,0x44316f009e1138723889aa86336e9b5a58b954a7907328d51f7f952c7132e39a
2024-11-04 19:40:12+00:00,BUY,3430.531731,0.5829999999,0.582,0.0009999998999999926,0x128c2036cfa9e1020985a92319d16d5bf750070139339b3688c23cfc83d9643b
2024-11-04 19:40:12+00:00,BUY,3.07,0.583,0.582,0.0010000000000000009,0xbfee458240655def7535fb01300e4f1a157cdf7773f40280fe7cfd8e7ee84678
2024-11-04 19:40:14+00:00,BUY,1658.0,0.583,0.582,0.0010000000000000009,0xd73ade0bc1820355716ed2fff70319ca336a216a49cb98fea184dc5b9010b39b
2024-11-04 19:40:16+00:00,BUY,89.193824,0.5829999956,0.582,0.000999995600000081,0xf8ab0c328828b108815bf36a6cd8a484beafadc0853944d4701a5664f87f68a8
2024-11-04 19:40:18+00:00,BUY,173.0,0.58,0.582,-0.0020000000000000018,0x6b1f3387cd54355eb9c90ee03825dda8cb3a9a295c2324ee487ea0be4aeca772
2024-11-04 19:40:18+00:00,BUY,54.888506,0.583,0.582,0.0010000000000000009,0x7e717a41bab9126eb97c72540a68ae0ba1d6ddb9c5566bb5f4b737393bc375b0
2024-11-04 19:40:20+00:00,SELL,47.29,0.581,0.582,0.0010000000000000009,0x79c12853195bbbe159a0caefd257d2aef9ce190edfa3239ae5647f97ad190334
2024-11-04 19:40:20+00:00,BUY,84.81,0.581,0.582,-0.0010000000000000009,0x5cfaa5cdfe92f63e7ddb57fa65994a019eb04d9a1b9feb44ff9ee34de1adbff9
2024-11-04 19:40:20+00:00,SELL,12.68,0.581,0.582,0.0010000000000000009,0xaec10d7ee17afbc157870b460cf8ddec81c7d18048a53d1d83561878d9ad8bfb
2024-11-04 19:40:22+00:00,BUY,2.67,0.582,0.582,0.0,0x7503e2edc222a11f44a35f1fef14b7923e0ca794abe23f41a77e624a1cad7dad
2024-11-04 19:40:26+00:00,BUY,3.19,0.582,0.582,0.0,0x831ca29f14b5b36d3f55ef80762011dd4315cb68689c0bf6959d96492e1c0354
2024-11-04 19:40:26+00:00,SELL,12.31,0.58,0.582,0.0020000000000000018,0xf13a5dc1e021693b80787c2cbc1cf87e88d4a095c1c80b405770c4f09d848d62
2024-11-04 19:40:30+00:00,SELL,15.8,0.58,0.582,0.0020000000000000018,0xb1a2196cc5c142a50b735918e7eb87106377a87973bd7fbb5c3e60c7c125b2ad
2024-11-04 19:40:30+00:00,BUY,2.54,0.582,0.582,0.0,0x869050e0fd601c452b73fc83da7986e88f09aaafc10ec611743dbc5eb83d65f3
2024-11-04 19:40:34+00:00,SELL,21.27,0.58,0.582,0.0020000000000000018,0x4f2e0726316400ca195c916a55bc906b49c1fbaea0a19cbfab52d67f5b92f92b
2024-11-04 19:40:34+00:00,BUY,5.0,0.582,0.582,0.0,0xb0a5375a0681096550b89d4f45cd1f1d1028cc69f178a90c89b53c0ee92b468c
2024-11-04 19:40:36+00:00,BUY,3.247421,0.5819999932,0.582,-6.8000000075230105e-09,0xb1bc17728f131acfa8e0214b25d544a5934fac110acef104513995271ef2f2db
2024-11-04 19:40:36+00:00,BUY,2.43,0.582,0.582,0.0,0xfb10aacb92a239bcbb904b52e05202a8c500c8606dcdc7e9372e55835624f424
2024-11-04 19:40:38+00:00,BUY,341.0,0.582,0.582,0.0,0xcdc0e088dad9a67ce67254e3afb9dcf2e42307b1197058497b8f2112a477b16e
2024-11-04 19:40:38+00:00,SELL,16.8,0.58,0.582,0.0020000000000000018,0x66ed37a8ab4a7c159f95e24f8075dc122b779607609614eddf0f584a06ae2c17
2024-11-04 19:40:38+00:00,SELL,89.2,0.58,0.582,0.0020000000000000018,0x9188ba12438ad0507591661d9a56daf1fe62b2f553fab7eaa643fb1f000ff1df
2024-11-04 19:40:38+00:00,SELL,13.67,0.58,0.582,0.0020000000000000018,0xcea838b5da6d439dc23013f598411dbd321b44d790e491baa6cdd0c7407d9387
2024-11-04 19:40:40+00:00,BUY,1.46,0.582,0.582,0.0,0x0462e57e1ecb32927d85f5ec565643e007be2ecfaed722ac8e76496dddecd58e
2024-11-04 19:40:40+00:00,SELL,12.72,0.58,0.582,0.0020000000000000018,0xc667c34a9a094cee7070d48f691ab65e782769003d9b9f7ee887eca7384c4947
2024-11-04 19:40:40+00:00,SELL,12.75,0.58,0.582,0.0020000000000000018,0xe87c55fb41a741089519d004d1aea9dba346068c7dfc54b70b1bfb58e4011ed0
2024-11-04 19:40:44+00:00,SELL,14.52,0.58,0.582,0.0020000000000000018,0x177979a0e9ecc6c6d4034ba049af425627d41835e49f7947bbbc582177570171
2024-11-04 19:40:44+00:00,SELL,14.15,0.58,0.582,0.0020000000000000018,0xd3a56e9d495220c4c54aeb88b5ca09ecb3f7d576b9d4a0e91058e3c7e7b2826f
2024-11-04 19:40:46+00:00,BUY,840.687284,0.5819999997,0.582,-2.9999991379980884e-10,0x75b315298c97876b3e1183b06a08d6cf734a41e0a59de8a489a5d850d3afbc38
2024-11-04 19:40:46+00:00,SELL,14.69,0.58,0.582,0.0020000000000000018,0xf213c5f4c3e132579fd134c6d1e70d095b4eb890ac9c603cdd570c2adf81a9b0
2024-11-04 19:40:46+00:00,SELL,14.46,0.58,0.582,0.0020000000000000018,0xb3c9c2b0bcfc02552394604f8c984244491956adf1e7fe6b11ad034993435d67
2024-11-04 19:40:46+00:00,BUY,3.47,0.582,0.582,0.0,0x2937b3cbe97772295c4243dd971dd8ea76937a0475642354084ecc0eb183f15d
2024-11-04 19:40:46+00:00,SELL,12.97,0.58,0.582,0.0020000000000000018,0xf43fcf59e88abacf06307efe412b4491c1c15813347ca10357afdab5a4a01196
2024-11-04 19:40:46+00:00,SELL,14.97,0.58,0.582,0.0020000000000000018,0xf54d5d05d1f09b5708397a7de329be3c9870254fca2c8a10782cdfa6d3a0b77d
2024-11-04 19:40:48+00:00,SELL,15.03,0.58,0.582,0.0020000000000000018,0x036ca195fd8f518a7316f860b8be289fa281e294169c277ee1f4698f8f3f6069
2024-11-04 19:40:48+00:00,SELL,12.9,0.58,0.582,0.0020000000000000018,0xb91cbaca8f732709cff61d21a8bbf416477e1020691e4d80c79932b0f2535199
2024-11-04 19:40:48+00:00,SELL,15.0,0.58,0.582,0.0020000000000000018,0x59afd4452b466225a6a2250dcc531c1165ab1033191f6efce5cd13795e1f3d41
2024-11-04 19:40:52+00:00,BUY,3.16,0.582,0.582,0.0,0xc23b61c6b383ed8cb49d1c9f9f57119737d0af1c1cbe38f81ff49a87ae899041
2024-11-04 19:40:52+00:00,SELL,15.22,0.58,0.582,0.0020000000000000018,0x1e49ed0407ac3b943b54777c95aa37958f1db6a4d3b96def1d3bc924c186b9e8
2024-11-04 19:40:52+00:00,SELL,13.94,0.58,0.582,0.0020000000000000018,0x0607e8100cfdb348a8dccc0a64747379ee08a9e47a66eb1280c6b45fe190ee7a
2024-11-04 19:40:52+00:00,SELL,16.35,0.58,0.582,0.0020000000000000018,0x6716e07ae16aba9192f77ac43a6ae5e547b608bf0c17519f2d1c09af29f11132
2024-11-04 19:40:52+00:00,SELL,14.26,0.58,0.582,0.0020000000000000018,0x815275539ea368f44fb54c7399b280845d21911dca3571725720b5ea05efa711
2024-11-04 19:40:52+00:00,SELL,67.51,0.58,0.582,0.0020000000000000018,0xa1d9a5b03d7a3d7bc48f6f5376652aa92c2106b3e881f6d135eae174f7e1c18f
2024-11-04 19:40:52+00:00,BUY,1.68,0.582,0.582,0.0,0xd4a0b4563d6575edfe7dc5c4280fb0ff3654b5b0afb8831e911f4de9eb52d4fc
2024-11-04 19:40:54+00:00,SELL,14.88,0.58,0.582,0.0020000000000000018,0x651ef4910ccacebc9f919db2e1b16a144bed863198f8d1a104230d81f295b1fb
2024-11-04 19:40:54+00:00,SELL,27.17,0.58,0.582,0.0020000000000000018,0xe4f3d9e6f4d8a6b36e57f60cd2ee42cb0f04fb51b8a98fd01207883dade121f2
2024-11-04 19:40:56+00:00,SELL,12.75,0.58,0.582,0.0020000000000000018,0xb7147e4ab9c5d1f6a3cdac7247e3fe99226a299c0e7032109fd224c850701ffc
2024-11-04 19:40:56+00:00,SELL,12.86,0.58,0.582,0.0020000000000000018,0xe848150afe6af979999de8d3d6092a12a59c2d136c762a4c0b133b3d8b598965
2024-11-04 19:40:56+00:00,BUY,5471.013744,0.582,0.582,0.0,0xc36625c089da8c903a7975fcaaeb37c3b3c0497422a9838cf48753de4c3d6257
2024-11-04 19:40:56+00:00,SELL,13.68,0.58,0.582,0.0020000000000000018,0xfb98ec3f47afd39c14c0ed3671e7c22a09edd84c03bbe6eeda2f552b4557abfe
2024-11-04 19:40:56+00:00,SELL,13.07,0.58,0.582,0.0020000000000000018,0xb6147cc4d1090e5890aa8e46f34a33ec5bd180811ea23680f7b3a59f00d78419
2024-11-04 19:40:58+00:00,SELL,66.94,0.58,0.582,0.0020000000000000018,0x5fa724d64d2f14cf085ee77c95df027d4d7e5bd145746b383da025ec97a93232
2024-11-04 19:40:58+00:00,SELL,14.14,0.58,0.582,0.0020000000000000018,0xcf3ed1af4cf7be521fedfd829fbdb449f9ecd9306f985f2e3f11f8bb64382b57
2024-11-04 19:40:58+00:00,BUY,8.591064,0.5819999711,0.582,-2.8899999948706068e-08,0x707eedc73f54219cafa84d08fadc26049d7f49d13cee6effa2c38293cedbb179
2024-11-04 19:40:58+00:00,SELL,3.09,0.58,0.582,0.0020000000000000018,0x05e648220e04cf071e1ad8daca4611455441848bd8ac53358b52e756dfeac6c9
2024-11-04 19:41:00+00:00,SELL,15.2,0.58,0.582,0.0020000000000000018,0x2317f23bed50b84d27adb51ecd47d72cf66e17a17051b46198b2aca2a8da274d
2024-11-04 19:41:00+00:00,SELL,2.52,0.58,0.582,0.0020000000000000018,0x86fa0245e0e4b679b3b0ab9477aad8a21b71a21e052e8bd924d9e6b77bc2b93e
2024-11-04 19:41:00+00:00,SELL,2.99,0.58,0.582,0.0020000000000000018,0xe209c54ad2483d991930d3689ed2927d775a1d6935e617bbfe0d357db02bc532
2024-11-04 19:41:00+00:00,SELL,2.33,0.58,0.582,0.0020000000000000018,0x0c88b320d67ee463e8a60d6601544b69e5cf9770b10f15a6f4ad043d3fcea8cb
2024-11-04 19:41:00+00:00,SELL,13.57,0.58,0.582,0.0020000000000000018,0xedcc0972d4877e80c3f5d2aab0b86e1197a5f812b6a42432282f963535794440
2024-11-04 19:41:02+00:00,SELL,82.99,0.58,0.5805,0.000500000000000056,0xac52d6e2ec1eb9ccb09ce8c0557889b90605ab1e359a352a20f60c3116de6ec7
2024-11-04 19:41:02+00:00,SELL,2.13,0.58,0.5805,0.000500000000000056,0x73f3210196a2f104b8a993a110bb7debc24abc1d0822490910707cb982acdeae
2024-11-04 19:41:02+00:00,BUY,64.604811,0.582,0.5805,0.0014999999999999458,0x597dd59f1ca9f35281cf8a1008daf5b36725392a021a0b6e22ccc511fa67f318
2024-11-04 19:41:02+00:00,SELL,14.33,0.58,0.5805,0.000500000000000056,0x10a906b4e78b4c1aab0f1e3fecc755f816e5d1840f1e3e2c21f390ca90e80cc4
2024-11-04 19:41:02+00:00,SELL,2.25,0.58,0.5805,0.000500000000000056,0xf8c799c63d1f1bc4bfaa8c8994c89500b5a1f5b74c0d59eafadd4ad1e1ca6325
2024-11-04 19:41:02+00:00,BUY,10.0,0.582,0.5805,0.0014999999999999458,0x2fbc01d7bd34edb590215753cbf1daa105093a9fc52d80468e3f8c7f5d3acffe
2024-11-04 19:41:02+00:00,SELL,62.19,0.58,0.5805,0.000500000000000056,0xb7955b686b19668d70a64143351ae5f104aacab32f12ac5eccba528c9e0c9352
2024-11-04 19:41:04+00:00,SELL,1.5,0.58,0.5805,0.000500000000000056,0xfb51f713b60f0cb0b06aca13f957f9e00d6a977c41b8e38668e3c889acdb4c48
2024-11-04 19:41:04+00:00,SELL,2.56,0.58,0.5805,0.000500000000000056,0x289715ec735d926d23622374d363e7c3b4a0dc67de01486973cbf1c8fa2b7925
2024-11-04 19:41:06+00:00,SELL,3.07,0.58,0.5805,0.000500000000000056,0xb7b8adc4703b7878821ce61ae1a0c5981246ecae968ae44973e63175a246ea1c
2024-11-04 19:41:06+00:00,BUY,5.0,0.581,0.5805,0.0004999999999999449,0x4e799cd985e08e1de7ddb735ca66c5637a226af0aa9efd49cf6d9660e118fd13
2024-11-04 19:41:06+00:00,SELL,2.67,0.58,0.5805,0.000500000000000056,0xb39802b58a7c99710866db7debc897c586d54e5c18c2484ee37fa8e353361aee
2024-11-04 19:41:06+00:00,SELL,3.19,0.58,0.5805,0.000500000000000056,0x8d4349e2504b8273b3acba58d1cea08f98f90b6b30c943f996da095f63547d2d
2024-11-04 19:41:08+00:00,SELL,2.43,0.579,0.5805,0.0015000000000000568,0x9619d085551017da599cfac5f48416058aa5032ef39c5900519a4f2a3a894a92
2024-11-04 19:41:08+00:00,SELL,2.54,0.579,0.5805,0.0015000000000000568,0x3379efd963159ab1fff2a78b4f5b812a80a9c76bccfb90511d5dcd94743dba3c
2024-11-04 19:41:08+00:00,BUY,14.31,0.581,0.5805,0.0004999999999999449,0x9556e169e47e9f5c834ee2dea3034e8b8787036c258fce212eada6c74affdc6d
2024-11-04 19:41:08+00:00,BUY,858.864026,0.5809999999,0.5805,0.0004999998999999367,0x05a2a2d2586e27a55784d2d7fc6c27cd094b96fb5533098b509e7d78ba0e7b80
2024-11-04 19:41:12+00:00,SELL,1.68,0.579,0.5805,0.0015000000000000568,0x219480e2719c22935ceb4efbdc41f7178368fb32d490fc705a4e978f2fd272cd
2024-11-04 19:41:12+00:00,BUY,14.12,0.579,0.5805,-0.0015000000000000568,0x7e4b7b9b6c52c11a71f7b513a6297a3c6c2f836b7291fbd45ce6820ee0b2cdd5
2024-11-04 19:41:12+00:00,SELL,3.16,0.578,0.5805,0.0025000000000000577,0x03424931c763bf42e7ec9335ca2a1434116e709e59d6283f080b412e7fe99a52
2024-11-04 19:41:12+00:00,BUY,91.174437,0.5789999997,0.5805,-0.0015000002999999706,0xd96c714e06d2b93c62b29ae7a2dc5fff8e57ab1c95e8aa540408cb112557eb4e
2024-11-04 19:41:12+00:00,SELL,1.46,0.579,0.5805,0.0015000000000000568,0xcb8732e3c39118971a6d6c2dc237830fba0bf12e4eacf08831ab3990e4ee1bb9
2024-11-04 19:41:12+00:00,SELL,3.47,0.579,0.5805,0.0015000000000000568,0x2a6ea464ceea13833b18eef5d7eba4ac9d5337bc2c20f003f18f007bf770a313
2024-11-04 19:41:12+00:00,BUY,1.703957,0.58099999,0.5805,0.0004999900000000057,0x06bd04e5984ebd13d55814febadbec3133e427b876c08eaf20a99bc34d6af63b
2024-11-04 19:41:12+00:00,SELL,84.34,0.579,0.5805,0.0015000000000000568,0x5a6e973fef93c10848066a42b072190a1f77920486070624044e4398cd8bb79a
2024-11-04 19:41:12+00:00,SELL,79.68,0.579,0.5805,0.0015000000000000568,0x7c79a8400dbdd0503f963de718f04d96e41bedb731dd73b81ca6482bb550ab6d
2024-11-04 19:41:12+00:00,SELL,64.68,0.579,0.5805,0.0015000000000000568,0x88f9ef7dfdd78e3f171214d97b211bc36ea09278e4d98a3ae4ad518d411c8e2b
2024-11-04 19:41:14+00:00,SELL,66.05,0.579,0.5805,0.0015000000000000568,0x53941ca6ac5e2e079ba8c41e52d1e137daf68f19a50086c802225cb1a5bcc975
2024-11-04 19:41:18+00:00,BUY,15.57,0.581,0.5805,0.0004999999999999449,0x565b9fa11c5cbc571bd2721edf09c51fe11af95862aac7ea5c29484d952bbcfb
2024-11-04 19:41:18+00:00,SELL,173.0,0.579,0.5805,0.0015000000000000568,0x6b85a3b1d236691e5dbad115bfadd4d5835b24a5ae2c6c7710658e9078ed3b7b
2024-11-04 19:41:18+00:00,BUY,12.59,0.581,0.5805,0.0004999999999999449,0xe162df1a7ca2643d121d1f6d2a1e705b0f6664f91691644bbd331226517220e1
2024-11-04 19:41:20+00:00,SELL,14.33,0.579,0.5805,0.0015000000000000568,0x40ee35f17d77917c421712e8fbe539735817299de97b0c9bb9ac3d5c0ecd44fd
2024-11-04 19:41:20+00:00,BUY,14.12,0.58,0.5805,-0.000500000000000056,0xf0258b6eea9565373f3661dbe4a5c313203edcaf424b2072d0cb26a64239bda8
2024-11-04 19:41:22+00:00,BUY,2.02,0.58,0.5805,-0.000500000000000056,0x61d618976b465b1071344112d5e0eff129fcefc4dba2cde0e9ddbd44f563d2ab
2024-11-04 19:41:22+00:00,BUY,1.879309,0.5799998829,0.5805,-0.0005001170999999749,0x21c60a4245fe37df9e5d88020745a9fce2af2b65601e311d84ba5993917a6aa5
2024-11-04 19:41:24+00:00,BUY,15.53,0.58,0.5805,-0.000500000000000056,0xe1694f83c35a80128b1d640feaba4ef5b090aa5b2193d28af7247bc16b55598b
2024-11-04 19:41:26+00:00,BUY,14.29,0.58,0.5805,-0.000500000000000056,0x1a660ee516a896676275373c3352e9c11fb5c7c190535cc111600ef33e98409d
2024-11-04 19:41:26+00:00,SELL,67.19,0.579,0.5805,0.0015000000000000568,0xb4fb76686283556611eca1d383de857bc32d427a7b4abbd79c2ebae6edeb8763
2024-11-04 19:41:28+00:00,SELL,338.49,0.578,0.5805,0.0025000000000000577,0x2580224112f4935b91139e7b5377e21b42129de0574938080caf570e2e25bd1a
2024-11-04 19:41:28+00:00,BUY,15.64,0.58,0.5805,-0.000500000000000056,0x34008efa6eb68ec298b17d6b83b3f6e1973579ae27c7d1b048cf2169f9c48bc6
2024-11-04 19:41:32+00:00,BUY,15.17,0.58,0.5805,-0.000500000000000056,0x6c839de8978419c8145723e849c3e32dea41bc9018bd2dfa216c8b3a9409a3a0
2024-11-04 19:41:34+00:00,BUY,16.01,0.58,0.5805,-0.000500000000000056,0x6304a626270ecd28dbe49cfd038dc39bf11d2e2b21a47c86d59e85f0a73d19de
2024-11-04 19:41:36+00:00,BUY,15.12,0.58,0.5805,-0.000500000000000056,0x06ef1c203b62bf7e4e0eed59338100b199037831ae887ff2126bc9e2b83c3128
2024-11-04 19:41:40+00:00,BUY,13.47,0.58,0.5805,-0.000500000000000056,0x474696e740323d6f8eb7027cc9f527c0556b04472a427857f50cfbd6daf1bddb
2024-11-04 19:41:40+00:00,BUY,16.89,0.58,0.5805,-0.000500000000000056,0x000c30babd8685d689f2b9c1dabd83e5c310b531efc98d3ea5c79d328e6400a4
2024-11-04 19:41:42+00:00,BUY,384.120688,0.5799999999,0.5805,-0.0005000001000000642,0xdc56f399888e222b1e09836468b6e4dc29417f4d551bfcb50b2201f7fab52d02
2024-11-04 19:41:42+00:00,SELL,60.32,0.578,0.5805,0.0025000000000000577,0x58e707e7b86c0e4e53a499f0a3393f29b9cfd1b25653e7d738725fdc34943ca4
2024-11-04 19:41:42+00:00,BUY,138.120688,0.5799999997,0.5805,-0.0005000002999999698,0x88b44e6fdc76cfd8ddef48958defe4c9cb32a33ac0267c6be8441ff41eedeea0
2024-11-04 19:41:44+00:00,BUY,16.37,0.58,0.5805,-0.000500000000000056,0xb5584156639abdef1ba39894f5ebbc902555418f215e9df8c02e544aad8f7eae
2024-11-04 19:41:44+00:00,SELL,91.17,0.578,0.5805,0.0025000000000000577,0x54e45a3b670a2a6a59c3fe1bf5ddd444c97ceb5810c2e49fe668e829b20c2e46
2024-11-04 19:41:46+00:00,BUY,13.49,0.58,0.5805,-0.000500000000000056,0xaa0aeaa4a4c41ab9206fc0b4da2aecaa16026d1b4c7a9dbbec5d8503bd294256
2024-11-04 19:41:46+00:00,BUY,14.46,0.58,0.5805,-0.000500000000000056,0x074a8f9dd3fb488089cbf072f1be1023a995febcfdc79f03f7d1a56c5b8f31fe
2024-11-04 19:41:52+00:00,BUY,14.1,0.58,0.5805,-0.000500000000000056,0x780d4aee32134729190dd206a09e6de28ffe2683c1a436fc764f99d408018e74
2024-11-04 19:41:54+00:00,BUY,15.82,0.58,0.5805,-0.000500000000000056,0xe7d19c8f5a7eb5e9b42d7b90df942e41ce17782de3f2cd9aa74c927bf814537b
2024-11-04 19:41:56+00:00,BUY,14.84,0.58,0.5805,-0.000500000000000056,0xb5db3413c599fe8a4582e5bccad9033bf03bdcf8adbc904be303e00e4961d62a
2024-11-04 19:41:56+00:00,BUY,14.83,0.58,0.5805,-0.000500000000000056,0xa1c243e6e650cbfbd957f711949150b0853d21e2b710b7816a19d0f829ecabfb
2024-11-04 19:42:00+00:00,BUY,16.05,0.58,0.5805,-0.000500000000000056,0xafecd33ee51cf41b7befe66a6bb6bde929e78fd661ece7e384d278503c911f39
2024-11-04 19:42:02+00:00,BUY,106.810343,0.5799999912,0.579,0.00099999120000005,0x52060980a24610fcbee65ccb14cc41d3d5564f4e94007e4a73401c454a67e306
2024-11-04 19:42:02+00:00,BUY,16.26,0.58,0.579,0.0010000000000000009,0xba8b9979d0b6cbb27ef42d3c96a62ccca4bf10635d2b871c4b645351b64a518c
2024-11-04 19:42:02+00:00,BUY,16.57,0.58,0.579,0.0010000000000000009,0x64ef013e28565eb28e7c2f229735948b2d3f38142052eb239a264066c36556e9
2024-11-04 19:42:02+00:00,BUY,404.431033,0.5799999997,0.579,0.000999999700000087,0x85297955d2eae107c586f03f9ca0d23059269f4f95c6ca15cb2d3ed6dc162001
2024-11-04 19:42:02+00:00,BUY,337.327585,0.5799999991,0.579,0.0009999991000000374,0x87b51a1dac768840582b6c73721920e042a19995748292cbaa2b961042aa2b1d
2024-11-04 19:42:04+00:00,BUY,38.862067,0.5799999779,0.579,0.0009999779000000597,0x9692f74283655ba043a9460d8cd66926df4d98cbd5be45be7d3bb0d0f1568968
2024-11-04 19:42:06+00:00,BUY,15.73,0.58,0.579,0.0010000000000000009,0xda198c7035becb562bf877881d46be016c95cbb755929d99705456da21e362e8
2024-11-04 19:42:08+00:00,BUY,13.27,0.58,0.579,0.0010000000000000009,0x4d84a7a1ed5dff85ee55a7a27ebf1cb641dcd565f4b5253670680f75c4387cd5
2024-11-04 19:42:08+00:00,BUY,10.0,0.58,0.579,0.0010000000000000009,0xb1cacf1483ef65034bc0ca9218d5d32f77dc91c86d4d561f7979eab035f99f74
2024-11-04 19:42:10+00:00,BUY,15.68,0.58,0.579,0.0010000000000000009,0xd3695de122ecd61cfe2b29061646986bba55358fda8cb61cbbf7532717cbade5
2024-11-04 19:42:12+00:00,BUY,56.0,0.58,0.579,0.0010000000000000009,0x74194c33ff28fe8041d9ba100f16a2eeaadd38e321baa744c98b05bf88178461
2024-11-04 19:42:12+00:00,BUY,14.47,0.58,0.579,0.0010000000000000009,0x6ac36fa4ff11e7e68904bba53f4ef368b5f01be03806208de9d1f560914f6ebf
2024-11-04 19:42:14+00:00,BUY,16.42,0.58,0.579,0.0010000000000000009,0x38a80570ef3cf82b9d20de4335ed9b373a4140dc8f3ce2499be99a20ba21fcaf
2024-11-04 19:42:18+00:00,BUY,359.741378,0.5799999993,0.579,0.000999999300000054,0x633559f8a2d47ab7a78962d6a2a8bd03ecf813795a9f2afd0662bfe8f2c21bdf
2024-11-04 19:42:18+00:00,BUY,14.97,0.58,0.579,0.0010000000000000009,0x0449361d697265ddc6610e6e17852050236e4770fecc8d594c72e85dea95007c
2024-11-04 19:42:18+00:00,BUY,15.45,0.58,0.579,0.0010000000000000009,0x80149995b1d26e842854874b3b655e8eed0f2895a0eff265ab8cc218527632b5
2024-11-04 19:42:20+00:00,BUY,95.172412,0.5799999899,0.579,0.0009999899000000534,0x99aabfc8981acd82dbb77fa8c70eff3da46f2797d202b47760d9e5ce82766cbf
2024-11-04 19:42:22+00:00,BUY,14.28,0.58,0.579,0.0010000000000000009,0xb5b4b4436ca48e4ae75bb16af4cdd13d970aab39887b60810a6d57dc5abde7b4
2024-11-04 19:42:22+00:00,SELL,3.57,0.578,0.579,0.0010000000000000009,0xe56a1fd25d2e88cca4cefabba017b3b7fae01881326ad6f8429ddc5e879e5b0c
2024-11-04 19:42:26+00:00,BUY,13.55,0.58,0.579,0.0010000000000000009,0x7776c10b41d6cb9eba14792e7140dcfed440ef4c5080fd6b62ad6bcddc342f6d
2024-11-04 19:42:28+00:00,BUY,15.1,0.58,0.579,0.0010000000000000009,0x686eb82d672f3bb453a4243cc380098c79a08ea8afb4e5c37b46cc6cb79a5e5c
2024-11-04 19:42:28+00:00,BUY,162.0,0.58,0.579,0.0010000000000000009,0x0cd50f55a49b80e15d9aec3e88ecd8bf9281438fca42d44cdf232fd51d43b58f
2024-11-04 19:42:30+00:00,BUY,1.862067,0.5799995381,0.579,0.0009995381000000858,0x1f24c4b4f5cf5818ecf2e5e11e03cdf86c47a2932946b6114561ea3365b0f01c
2024-11-04 19:42:30+00:00,BUY,13.64,0.58,0.579,0.0010000000000000009,0x542425e148a42ff612d5c0bc40438a223ba61a5ea73298388ae568db1700b5d6
2024-11-04 19:42:30+00:00,SELL,26.04,0.578,0.579,0.0010000000000000009,0x621f3241ac8a2cb0d91f07321547dd0abc2451ebca6c63ec5040d331c0713690
2024-11-04 19:42:30+00:00,SELL,16.55,0.578,0.579,0.0010000000000000009,0xb8a3820d7df1f07c492fb8d8ea8f38d59a6e3462666655c0e42eb5c25b3d6229
2024-11-04 19:42:32+00:00,SELL,14.12,0.578,0.579,0.0010000000000000009,0x62f06b55e7b4ebb3620a452430fbfa9491fc98c894b3bc2287e6e90c1dfc67e1
2024-11-04 19:42:32+00:00,SELL,15.57,0.578,0.579,0.0010000000000000009,0x959e77aa156cca132d1ed92f8872264cad551f5ad60c705539ad616c835c6878
2024-11-04 19:42:32+00:00,BUY,16.66,0.58,0.579,0.0010000000000000009,0xe6c6d51cad07b561b84cc1aacfeb5d53e70418344d6ca8c2671836218e559130
2024-11-04 19:42:34+00:00,BUY,10.0,0.58,0.579,0.0010000000000000009,0x2b6f1a94f77a8da32ee19ad94ba1a8f6838bab618557153d4e944b246b3826fa
2024-11-04 19:42:34+00:00,SELL,15.53,0.578,0.579,0.0010000000000000009,0x191947e244660e8be92c60f350849cc27abc0ec876612cf6f43b9023a36fc098
2024-11-04 19:42:34+00:00,SELL,15.64,0.578,0.579,0.0010000000000000009,0x8dde0a1e3024e2663258604c64af4a44cb38bce4fdce7686606131ba27ecbd24
2024-11-04 19:42:36+00:00,SELL,15.17,0.578,0.579,0.0010000000000000009,0x2145f9ec3eb4d6543922085fa790c6274feef27fa9fea1bd339748210abbbd4f
2024-11-04 19:42:36+00:00,SELL,15.12,0.578,0.579,0.0010000000000000009,0xfe884d2962a07cb858a71f67c02ede4190ac07c533d1dd531d4638ff9c972886
2024-11-04 19:42:38+00:00,SELL,16.89,0.578,0.579,0.0010000000000000009,0x680d3749c799b807f7e4643918979579f12848a14928460b2c7da2c62f8aaafe
2024-11-04 19:42:38+00:00,BUY,16.01,0.58,0.579,0.0010000000000000009,0x8cc1fad2f094b6e6af9d1eddb15348af4b0f0ab018ab1327a09ca7f9d056bbc7
2024-11-04 19:42:38+00:00,SELL,16.37,0.578,0.579,0.0010000000000000009,0x32564a58c9967401b441b15619279c5f34b595fcd9cee8454d94b4af90f83e38
2024-11-04 19:42:40+00:00,SELL,14.46,0.578,0.579,0.0010000000000000009,0x85c68f2bb0ac1942be3b6243bea4f54061518811c96c5947e9c872f00d298c7a
2024-11-04 19:42:40+00:00,SELL,15.82,0.578,0.579,0.0010000000000000009,0x6ba1f88153d7c285439fe6e853c7440c8cbcf697ef5e7712bbc6565ae9a054b8
2024-11-04 19:42:42+00:00,SELL,16.05,0.578,0.579,0.0010000000000000009,0x15bb7eb3c9a9dab079d0dbb885316b86f5a3dcb6e77ab9947c351b74b136fd82
2024-11-04 19:42:42+00:00,SELL,14.84,0.578,0.579,0.0010000000000000009,0xe250dc7f6a1eb5ef7f8cf403568b35085b26831786d4797a45bb313c7d378425
2024-11-04 19:42:44+00:00,SELL,16.57,0.578,0.579,0.0010000000000000009,0x99622d8b49cee4e72f89ac995a4b5e9bdcc1179f1fdd4c983fadec719bc2915d
2024-11-04 19:42:44+00:00,SELL,15.73,0.578,0.579,0.0010000000000000009,0xf3f031a87d2feaa49c32f0a3dbc2645a09b3d8ff5feead5b90376e4ee4e3ab89
2024-11-04 19:42:44+00:00,SELL,95.17,0.578,0.579,0.0010000000000000009,0x94355f8011494851fb4cf04a6eb5a13bc19b0ef1e883ee0a259bebf2dbf81d61
2024-11-04 19:42:44+00:00,BUY,15.91,0.58,0.579,0.0010000000000000009,0x3cbe90b7ecfd80934376ad47298aa17f17a5f12a9e2d667447048b25480eb7c6
2024-11-04 19:42:46+00:00,SELL,16.42,0.578,0.579,0.0010000000000000009,0x371821e2fd1e497d35dc4300d69d7de8f0cdf1a0dd8930427eee9df353f76ac5
2024-11-04 19:42:46+00:00,SELL,15.68,0.578,0.579,0.0010000000000000009,0xb2cc099d730fb1e3a50af91ca70b2ff6c95f4d2b5ef6dde9c1ac13f60e1da5b9
2024-11-04 19:42:46+00:00,BUY,5.0,0.58,0.579,0.0010000000000000009,0x9615054bedebbfbc54054654494125d9516f58aec0494f13d516cc2c30f44367
2024-11-04 19:42:46+00:00,SELL,65.87,0.578,0.579,0.0010000000000000009,0x5b24fd2eedfbf68dc6748bc438d6224b70de3ec0d89cf6055300282328eeb9c6
2024-11-04 19:42:48+00:00,SELL,13.55,0.578,0.579,0.0010000000000000009,0x29ba8ac71f97828fcdde6abbc39bc4ca79450607093a2812d0462db6bef61cb0
2024-11-04 19:42:48+00:00,SELL,15.45,0.578,0.579,0.0010000000000000009,0xb412d7689b9f2104a7d1984922a850924b834c38d6a1edc74a6757eacdb48ddf
2024-11-04 19:42:48+00:00,SELL,14.28,0.578,0.579,0.0010000000000000009,0xa7c1c8e1ff63ae853a29718357b430d8f14b3a3a4aaec682e989d4cf53327f53
2024-11-04 19:42:50+00:00,BUY,10.0,0.58,0.579,0.0010000000000000009,0x31cb3d94120055d05afe735b89c5ca20d94bfd65c8fa37174e636d209cf27976
2024-11-04 19:42:50+00:00,SELL,13.64,0.578,0.579,0.0010000000000000009,0x0c25636e3af15dcab23d6dc94a9577fcb24babd4f8c434b74e9dcd430b520ef6
2024-11-04 19:42:52+00:00,BUY,14.72,0.58,0.579,0.0010000000000000009,0xa05ee67348e1a462fcfae57a9e556598926a1a81f2a26100538748e89279b89c
2024-11-04 19:42:54+00:00,BUY,77.672412,0.5799999876,0.579,0.0009999876000000851,0x0b5cc2c443bd698a5f61aa6923129449abb614c52f0c7d19289aa97bdf3092e0
2024-11-04 19:42:54+00:00,BUY,14.55,0.58,0.579,0.0010000000000000009,0x1b6f0ce05a9cc0bc60d5fb67b5fbd1d568ec381cb2aead2e23859c497926e987
2024-11-04 19:43:00+00:00,BUY,13.05,0.58,0.579,0.0010000000000000009,0x4ed5b4049d86383bc5800274ce2bd0815e6deb31fc58702d609cd8abeab24529
2024-11-04 19:43:00+00:00,BUY,14.63,0.58,0.579,0.0010000000000000009,0xe2e57c15a3d0671f0d0fa5ef184b7b8c91c061de2ff861acb2355e30a0664d55
2024-11-04 19:43:00+00:00,SELL,359.74,0.578,0.579,0.0010000000000000009,0x418be9984eb5c1f51b04445b6ad27511eaa170aff54cd69c00778f56311074f4
2024-11-04 19:43:02+00:00,BUY,12.92,0.58,0.579,0.0010000000000000009,0xedc2cbc9aafe29fb9d0cf14ca3f354fdba203ff75a6bf5debaf0b89fdc32e94f
2024-11-04 19:43:02+00:00,BUY,40.64,0.58,0.579,0.0010000000000000009,0x75bbf427ca665e5a951995b4a5d0e98d48864a195c2fbdeb2c3c9672dee50bb4
2024-11-04 19:43:02+00:00,SELL,31.29,0.578,0.579,0.0010000000000000009,0x4ee91fdbebb320b65620ab742e7e4580dd3072e265eeca96334cbc0779a622e5
2024-11-04 19:43:04+00:00,SELL,32.15,0.578,0.579,0.0010000000000000009,0xc3edbffd731596bc6e3ba3b88f1197a502e465cd85e6471f6f3068c4b0d87736
2024-11-04 19:43:04+00:00,BUY,14.85,0.58,0.579,0.0010000000000000009,0x6c12a771692b35e908ffeeff9b8a290521d5519a66c658e5852cdb099992fb6e
2024-11-04 19:43:04+00:00,BUY,16.73,0.58,0.579,0.0010000000000000009,0xdcd14f7cd63647f998d947cfee9d2c104f63eaa1a8085e735c8299fe82f596ea
2024-11-04 19:43:06+00:00,SELL,23.57,0.578,0.579,0.0010000000000000009,0x7cea8be00790f2e03046a60a609f9fa4718828c36cb5ba8ae667386e9c725bb0
2024-11-04 19:43:06+00:00,SELL,33.22,0.578,0.579,0.0010000000000000009,0x916d486171112c03868486fde9ce2e3d603c2d7caaa29af29a523f50b8d8d6a6
2024-11-04 19:43:06+00:00,SELL,19.85,0.578,0.579,0.0010000000000000009,0xcec952ef99ca936b2f02bb87cc6fa006ab5c2f935f03010278c1c65924cb26e3
2024-11-04 19:43:08+00:00,SELL,14.31,0.578,0.579,0.0010000000000000009,0x37724f9ee476416e2b3fd8507c1f15cabcf393a94bb470fdd56f6cad2220510b
